2868 4602
555 329 730 382 „21..

198 497 226 556 3.
251 493 435 572 Saepissime
448 492 583 555 Avienus
594 491 775 553 adiectivuni
791 491 1025 570 praedicativum
1039 491 1181 554 adverbii.

101 605 175 666 loco
199 601 310 682 posuit.
358 600 410 662 llle
443 617 525 674 usus,
557 599 609 676 qui
643 599 702 658 iam
733 598 763 658 in
795 602 953 677 poetarum
984 598 1175 660 comicorum

102 709 219 772 tabulis
243 707 402 782 invenitur,
428 713 532 786 postea
556 706 586 766 in
613 710 770 784 poetarum
789 705 947 783 epicorum
966 710 994 767 et
1010 686 1194 786 lyricorum*

101 815 295 878 carminibus
339 813 442 876 studio
487 813 650 874 litterarum
693 813 881 874 Graecarum
922 813 1073 874 increbuit
1113 813 1176 889 (cir.

107 924 255 990 l<uehner
278 921 325 983 lat.
349 921 405 984 Gr.
423 922 445 982 ll
460 921 479 999 ξ
493 921 558 997 63).
605 919 687 982 Cum
706 920 834 998 longum
855 919 893 980 sit
909 919 1014 981 omnia
1029 920 1176 998 exempla,

103 1049 187 1109 quae
211 1028 363 1106 exscripsi,
388 1027 489 1102 altere,
515 1046 551 1088 ex
576 1027 626 1088 illa
655 1043 766 1104 magna
794 1025 884 1104 copia
910 1026 1061 1104 quaedam
1086 1025 1176 1104 eligo,

101 1137 144 1198 ad
177 1134 460 1209 demonstrandum,
491 1137 681 1212 quantopere
704 1132 841 1196 Avienus
865 1131 895 1194 id
926 1131 1048 1194 dicendi
1078 1150 1177 1210 genus

102 1240 294 1302 adamaverit
328 1245 356 1300 11
392 1243 504 1318 quanta
539 1239 656 1302 licentia
687 1239 731 1300 eis
765 1237 921 1300 adieclivis
951 1256 1175 1318 nonnunquam

105 1343 185 1410 usus
208 1347 253 1410 sit.

199 1454 296 1529 alltc
321 1453 455 1532 primum
480 1471 692 1515 commemoro
716 1452 870 1528 adiectiva,
901 1471 980 1531 quae
1011 1453 1105 1516 animi
1130 1453 1177 1515 vel

103 1561 250 1638 corporis
281 1559 495 1622 condicionem
526 1559 711 1638 significant:
756 1560 883 1622 solers
928 1558 1002 1638 fuge
1042 1560 1064 1621 ll
1104 1562 1178 1635 675,

104 1671 244 1730 cautus
278 1667 367 1730 deam
404 1666 604 1745 circumspice
640 1667 662 1728 ll
704 1669 795 1742 1447,
839 1671 979 1746 tempora
1013 1667 1123 1746 pigra
1146 1686 1179 1730 se

107 1775 245 1836 referunt
269 1775 291 1834 ll
318 1774 390 1849 925,
415 1792 500 1836 acer
523 1773 650 1836 Atlantei
681 1792 743 1852 qua
771 1774 845 1848 furit
873 1775 1016 1852 aequoris
1047 1779 1130 1837 aestu
1156 1775 1176 1835 ll

112 1882 207 1954 1076,
231 1897 404 1942 sonorus
428 1879 522 1940 volvit
544 1897 655 1957 aequor
684 1898 848 1959 spumeum
865 1880 1000 1960 Anystus
1022 1881 1122 1942 amnis
1139 1882 1177 1944 111

109 1989 185 2062 547,
209 1987 287 2047 aries
310 1987 469 2065 segnior
492 1987 676 2048 convertitur
696 1987 718 2048 ll
733 1989 806 2063 510,
831 1987 988 2050 mobilis
1012 1987 1121 2048 mundi
1145 2006 1179 2050 se

109 2093 253 2156 machina
269 2099 366 2154 versat
383 2094 405 2154 ll
423 2095 473 2168 84,
498 2093 547 2154 hic
563 2092 702 2156 dilectam
720 2094 852 2156 mollis
871 2094 963 2157 dorsa
979 2094 1045 2155 tulit
1062 2095 1084 2156 ll
1104 2097 1178 2158 706.

108 2200 354 2278 511111Α11111115
368 2203 524 2278 poetarum
540 2219 625 2262 more
642 2201 691 2262 1111
706 2201 852 2263 adiectiva
865 2219 927 2263 non
944 2220 1014 2262 cum
1031 2200 1177 2277 subiecto,

105 2307 198 2369 cuius
221 2307 433 2370 condicionem
458 2307 639 2385 significant,
669 2307 722 2370 sed
747 2325 817 2369 cum
841 2308 972 2371 ablativo
986 2308 1181 2374 instrumenti.

107 2414 158 2475 vel
198 2414 282 2475 modi
321 2414 500 2476 substantivi
540 2413 712 2492 coniungit:
757 2414 903 2494 cupido
942 2433 1008 2476 ore
1046 2414 1071 2476 si
1110 2415 1178 2476 ovis

106 2520 250 2599 gramina
273 2521 396 2583 tondeat
420 2521 442 2582 ll
472 2522 563 2596 1837,
593 2538 685 2599 grues
714 2538 780 2582 sese
807 2521 1018 2582 audacibus
1046 2521 1178 2600 pinnis

105 2627 230 2688 aethrae
255 2627 409 2688 inmittunt
434 2628 455 2688 ll
486 2628 577 2701 1769,
607 2626 720 2689 firmo
745 2630 907 2688 venturum
933 2631 1090 2706 pectore
1114 2628 1178 2690 iare

108 2736 131 2796 ll
158 2735 248 2810 1866,
273 2733 297 2795 51
322 2734 535 2812 tranquillo
559 2751 695 2796 convexa
718 2734 903 2796 concurrerit
918 2739 1022 2797 astro
1039 2735 1062 2796 ll
1085 2737 1176 2810 1564,

105 2839 175 2902 1111
202 2839 282 2902 5611
307 2844 424 2902 revecto
449 2841 471 2900 ll
502 2842 592 2917 1562,
618 2843 716 2902 incute
745 2839 860 2904 docto
888 2841 996 2921 chelyn
1029 2842 1177 2920 plectro
1296 2861 1298 2866 ·

103 2947 239 3026 aliaque.

201 3053 282 3116 Cum
308 3059 413 3133 poetae
429 3055 531 3116 aetatis
544 3056 716 3133 Augusteae
734 3055 829 3118 rarius
849 3061 876 3116 11
892 3057 1008 3117 cautius
1024 3056 1178 3132 adiectiva,

105 3179 190 3240 quae
235 3161 329 3222 animi
376 3162 422 3222 vel
463 3162 600 3241 corporis
639 3161 852 3224 condicionem
893 3163 1072 3240 signiticant,
1120 3183 1178 3244 pro

104 3266 264 3330 adverbiis
288 3269 508 3347 usurpaverint,
533 3268 687 3343 adiectiva,
722 3269 836 3346 quibus
871 3269 927 3331 loci
961 3271 1006 3332 vel
1032 3273 1179 3350 temporis

107 3373 269 3450 rationem,
300 3380 351 3436 aut
376 3393 551 3437 mensuram
576 3375 621 3437 vel
648 3394 810 3436 numerum
835 3376 881 3437 vel
914 3377 1054 3440 ordinem
1079 3380 1178 3457 expri-

107 3486 207 3557 munt,
243 3483 282 3542 ita
305 3481 451 3543 adhibere
486 3481 593 3543 solent.
641 3481 705 3561 (cir.
743 3481 853 3561 Draeg.
891 3483 967 3543 Η151.
1007 3484 1119 3563 Syntax
1159 3485 1178 3545 l.

106 3591 129 3669 §
166 3590 235 3652 159.
276 3625 302 3632 -
347 3588 456 3667 Reisig.
492 3590 551 3650 Lat.
586 3587 918 3668 Sprachwissenscliatt.
966 3591 1001 3650 lll
1037 3591 1056 3669 ἓ
1092 3591 1177 3669 225.)

107 3695 185 3758 Non
219 3695 311 3774 igitur
344 3694 455 3756 mirum
490 3699 540 3770 151,
574 3697 658 3774 quod
694 3695 838 3771 Avienus,
872 3693 993 3757 illorum
1020 3701 1176 3776 poetarum

108 3801 251 3877 imitator,
275 3802 397 3881 saepius
421 3802 471 3863 illa
494 3801 640 3864 adieetiva
664 3802 761 3864 habet.

202 3906 234 3984 b)
260 3907 415 3970 Adiectiva
454 3909 510 3971 loci
551 3909 597 3971 vel
636 3909 783 3987 temporis
814 3909 961 3971 rationem
990 3909 1178 3988 significant:

110 4013 249 4077 Pierides
265 4015 413 4077 celeres
431 4015 580 4078 llelicone
608 4017 706 4078 venite
724 4017 760 4077 lll
779 4018 807 4091 8,
836 4017 940 4078 citus
957 4016 1049 4078 currit
1065 4017 1086 4077 ll
1106 4017 1179 4090 524,

110 4139 303 4202 praeceps
328 4121 386 4183 ruit
410 4122 492 4184 unda
517 4123 553 4183 lll
572 4123 630 4185 291
655 4127 717 4198 etc,
741 4123 838 4203 hydra
854 4123 968 4202 ingenti
986 4123 1044 4185 sub
1061 4123 1181 4202 virgine
