2868 4602
540 283 718 338 ..59-

96 449 116 510 l.
143 467 171 526 p.
197 447 289 526 6551;
315 447 338 508 11
368 445 487 529 150213
513 446 585 508 hinc
608 445 639 507 16
664 444 826 528 dispendia
850 463 957 508 rursus
975 445 1076 508 Altera
1099 465 1170 525 pro-

94 555 179 618 visae
202 554 362 633 signantur
377 557 516 632 tempora
533 553 631 630 lunae,
657 552 797 616 1111163
824 553 854 613 16
879 555 995 632 septem
1019 557 1169 632 quantum

92 661 145 723 via
169 661 301 740 carpitur
325 663 417 735 ortus,
442 660 482 722 111
510 663 570 722 182
595 661 626 722 16
651 661 790 740 6616666
815 659 896 722 soles
920 663 964 722 est
987 659 1051 722 iter.
1164 731 1166 737 ¹

187 768 304 830 Eodem
329 767 425 830 modo
448 767 517 844 „in“
541 768 727 847 praepositio
751 768 853 830 locum
876 766 1029 845 signitcat:
1056 769 1079 829 ll
1104 769 1168 830 358

93 875 234 937 Plurima
257 875 372 954 quippe
397 875 504 954 procul
528 875 638 936 claram
664 875 713 936 lax
739 874 826 936 ardet
849 873 879 934 in
903 878 1015 949 arcton,
1042 874 1078 936 lll
1104 877 1168 938 068

91 983 161 1044 Axe
192 982 255 1044 noti
287 983 317 1042 in
342 981 444 1043 fauces
468 981 565 1060 rapidi
590 982 698 1060 procul
724 981 925 1060 Hellesponti,
959 981 995 1040 lll
1024 977 1168 1062 1040150

92 1091 204 1151 Totam
217 1089 320 1150 Asiam
345 1088 416 1150 celsi
433 1088 587 1168 praecingi
601 1089 711 1150 vertice
724 1088 816 1150 Tauri
831 1087 949 1150 Extima
965 1087 995 1148 in
1010 1087 1169 1150 ludorum.

190 1197 305 1260 „interr
325 1195 511 1275 praepositio
534 1195 694 1274 permultis
718 1195 792 1257 locis
812 1193 996 1254 nihilaliud
1018 1193 1169 1272 significat

91 1303 154 1365 nisi
182 1303 250 1368 „inu
277 1321 339 1381 seq.
364 1302 508 1365 ablativo:
547 1303 658 1365 11296
691 1302 769 1364 16161
798 1301 945 1364 confusos
979 1301 1167 1380 populorum

90 1413 201 1472 coetus
223 1395 391 1472 Versabare
415 1409 521 1484 libens,
559 1408 581 1470 ll
611 1410 694 1470 1637
730 1407 795 1470 sole
828 1407 916 1468 rutila
952 1409 1029 1468 inter
1063 1411 1169 1486 stagna

92 1521 242 1594 morante,
268 1519 290 1578 ll
314 1518 396 1579 1735
421 1517 498 1578 inter
522 1516 629 1595 prima,
654 1516 677 1604 ll
700 1511 818 1596 112113
845 1533 921 1593 6661
944 1514 1069 1592 agrestis
1093 1514 1170 1576 inter

91 1623 224 1686 Curetas
256 1628 285 1685 et
316 1624 394 1686 inter
427 1623 567 1686 Dictaeae
600 1621 684 1684 latuit
707 1621 888 1700 crepitacula
912 1621 1005 1699 rupis,
1042 1621 1168 1683 111604

92 1733 176 1792 16161
198 1731 374 1792 turicremas
400 1729 561 1791 Phoebum
587 1729 722 1790 vidimus
745 1745 819 1802 aras
841 1728 960 1790 111110
982 1727 1066 1789 llaec
1091 1727 1170 1788 16161

90 1836 195 1898 undas
220 1837 314 1898 multa
329 1836 490 1916 caespitem
509 1836 589 1910 iacet,
616 1836 654 1896 111
675 1836 735 1896 122
753 1833 921 1912 6161116616
938 1833 1015 1895 16161
1030 1833 1168 1912 gurgites

92 1946 204 2005 Extare
226 1945 340 2019 lucum,
375 1944 414 2005 lV
441 1944 501 2004 140
527 1943 604 2004 16161
637 1945 699 2002 arta
728 1941 860 2002 cautium
891 1940 979 2002 duxit
1000 1939 1091 2016 diem,
1129 1942 1168 2002 IV

91 2053 159 2114 553
186 2051 322 2130 populus
344 2050 453 2128 agebat
477 2049 553 2110 inter
576 2049 662 2110 avios
686 2048 778 2122 locos
805 2048 843 2109 lV
868 2044 968 2128 70516
993 2047 1093 2108 tenuis
1117 2047 1165 2108 via

93 2158 181 2219 Patet
204 2157 281 2218 16161
305 2156 411 2218 undas.

185 2263 339 2325 Interdum
364 2263 501 2324 Avienus
528 2277 619 2342 „peru
654 2262 911 2342 praepositionem
943 2261 1011 2324 loco
1043 2261 1165 2324 ablativi

94 2370 333 2434 instrumentalis
363 2389 433 2432 eum
466 2370 566 2432 verbis
599 2374 717 2432 motum
743 2368 898 2447 quendam
923 2369 1168 2448 significantibus

94 2478 266 2540 coniunxit:
298 2479 307 2538 l
335 2479 373 2538 16
406 2477 667 2556 multiplicemque
697 2476 820 2538 trahunt
849 2495 903 2555 per
926 2480 1033 2538 mutua
1055 2476 1166 2538 vellera

95 2584 215 2662 pallam,
248 2584 271 2644 ll
301 2586 361 2646 157
386 2583 458 2656 Qua
481 2601 536 2662 per
565 2583 724 2645 dimensos
754 2583 913 2644 dimittitur
935 2583 1015 2646 ordo
1040 2588 1165 2659 meatus,

95 2688 282 2771 111211112
316 2691 376 2754 Seu
410 2690 495 2769 quod
519 2691 639 2752 collisas
670 2689 774 2751 Thetis
805 2689 961 2768 indignata
995 2709 1049 2769 per
1083 2709 1167 2752 arces

95 2797 212 2860 Saeviat
236 2797 369 2873 obiectis,
394 2799 432 2860 lll
461 2792 583 2878 515117
608 2795 768 2874 Callipolis
792 2795 842 2856 illa
871 2797 961 2874 (quae
984 2813 1039 2874 per
1061 2795 1165 2876 altam)

96 2903 253 2966 moenium
279 2904 490 2966 Proceritatem
523 2907 553 2965 et
583 2903 662 2965 celsa
691 2921 745 2982 per
772 2901 890 2980 fastigia
913 2901 1043 2964 Subibat
1064 2920 1163 2978 auras,

97 3011 132 3072 111
156 3007 281 3092 578170
307 3011 431 3090 6166116
454 3029 509 3090 661
531 3009 695 3090 dispendia
716 3008 850 3088 Caespes
873 3012 1003 3071 cavatur.

183 3117 321 3182 Eandem
363 3135 453 3196 „pern
498 3116 754 3196 praepositionem
794 3116 932 3178 Avienus
970 3115 1098 3178 libenter
1137 3119 1166 3176 et

96 3224 250 3300 prioribus
273 3225 474 3304 scriptoribus
498 3224 594 3286 multo
618 3225 739 3307 saepius
763 3223 802 3284 ita
826 3227 957 3302 usurpat,
992 3227 1032 3300 ut,
1057 3241 1163 3302 quam-

96 3349 185 3408 quam
221 3331 419 3394 diffundendi
454 3330 605 3410 quaedam
638 3333 785 3392 sententia
817 3330 906 3392 etiam
940 3330 1024 3406 inest,
1060 3336 1161 3392 tamen

96 3441 324 3520 appropinquet
345 3440 384 3502 ad
409 3441 505 3504 solam
532 3440 765 3520 praepositionis
800 3439 870 3504 „im
904 3439 1036 3502 ablativo
1060 3439 1163 3501 iuncto

97 3546 163 3624 vim,
195 3547 225 3608 id
250 3547 336 3627 quod
361 3547 443 3610 haud
467 3547 531 3610 scio
554 3565 592 3610 an
611 3547 746 3610 Graecae
770 3546 1005 3626 praepositionis
1031 3545 1161 3620 166161,

98 3656 235 3735 exemplo
269 3655 307 3716 sit
336 3654 491 3717 ellectum:
529 3656 654 3716 111422
687 3673 740 3733 661
770 3654 922 3734 inhospita
945 3658 1039 3716 terrae
1062 3653 1161 3714 Vitam

98 3761 211 3838 agitant,
249 3763 285 3824 lll
327 3762 390 3824 658
427 3761 503 3824 16611
539 3780 593 3840 661
630 3765 713 3840 terga
748 3761 930 3840 Libyrnides
963 3759 1088 3835 adstant
1125 3759 1161 3820 111

99 3864 215 3949 715116
244 3867 361 3932 lesbus
391 3872 420 3930 et
442 3868 586 3932 Tenedus
616 3886 670 3947 per
698 3867 792 3947 aperti
817 3885 970 3930 marmora
993 3865 1079 3945 ponti
1104 3867 1161 3928 Ex-

31 3961 32 3970 *
100 3975 221 4050 pediunt
244 3993 336 4052 arces,
367 3975 402 4036 lll
429 3977 492 4038 776
524 3975 638 4054 ingenti
669 3975 838 4038 consistens
868 3975 950 4038 mole
974 3991 1028 4054 per
1052 3972 1159 4048 undas,

101 4079 131 4142 lll
164 4084 228 4146 036
261 4083 380 4146 Vellera
414 4102 469 4162 per
503 4082 594 4144 silvas
627 4082 715 4146 Seres
749 4083 915 4144 nemoralia
949 4083 1083 4160 carpunt,
1122 4081 1158 4141 111
