2868 4602
737 313 913 368 ..32-

384 473 499 536 Contra
535 483 605 540 „utu
644 477 788 556 particula
823 478 977 540 interdum
1014 477 1160 540 indicium
1197 481 1363 558 restringit:

287 579 322 638 ll
353 578 494 662 1389l90
529 601 598 644 nam
632 584 742 646 mundi
766 584 890 646 cardine
913 601 1003 648 versu
1029 586 1071 649 Ul
1101 591 1173 648 stata
1210 589 1363 649 raucisoni

295 687 371 748 redit
395 687 564 767 indignatio
588 691 674 769 ponti
699 692 735 752 111
767 689 890 773 sualua
927 696 955 753 et
990 709 1069 770 quae
1101 692 1276 756 Tritonidis
1311 695 1364 755 alta

295 794 415 872 paludis
441 798 482 860 Ut
504 797 690 860 circumfuso
715 799 902 878 populorum
927 799 1065 862 examine
1080 800 1216 878 cingunt,
1244 800 1363 863 111481

298 905 339 966 Ut
357 905 519 983 protelatae
536 906 626 969 molis
650 907 721 984 iuga
736 906 856 986 gurgite
872 906 984 981 condit,
1010 907 1044 967 111
1066 903 1209 988 1087188
1226 925 1365 986 namque

295 1010 420 1072 duobus
446 1012 487 1074 Ut
510 1011 654 1073 conclusa
678 1012 765 1090 iugis.

386 1136 450 1198 „Ut
473 1135 585 1197 locale¹¹
613 1136 777 1198 invenitur:
810 1138 832 1198 ll
862 1139 918 1198 141
946 1137 1188 1216 huncquoque,
1218 1142 1254 1198 ut
1284 1143 1365 1199 artus

286 1242 432 1320 ¹Longius
462 1242 595 1304 elfusum
629 1243 761 1321 spatiosa
790 1243 949 1305 volumina
971 1242 1107 1318 tendunt,
1143 1243 1164 1303 ll
1189 1243 1257 1308 o5o
1285 1245 1365 1305 lmus

295 1354 328 1409 ut
358 1349 479 1410 australi
513 1348 669 1412 descendit
700 1351 831 1412 circulus
862 1367 926 1425 axe,
963 1350 984 1410 ll
1020 1351 1083 1412 803
1118 1354 1151 1410 ut
1179 1351 1292 1430 procul
1319 1351 1364 1411 ille

295 1455 444 1516 Tenditur
488 1455 577 1517 ellusi
625 1458 653 1518 vi
692 1457 828 1535 gurgitis,
877 1456 899 1516 ll
945 1457 1026 1518 1007
1067 1460 1099 1517 ut
1136 1457 1226 1518 tellus
1275 1475 1364 1536 saepe

293 1563 433 1624 tumescit
456 1568 509 1624 etc.

388 1690 451 1752 „Ut
474 1689 745 1750 semell=simulac
769 1688 935 1750 invenitur:
958 1689 1035 1750 1191
1058 1692 1091 1748 ut
1114 1687 1208 1750 semel
1233 1687 1365 1749 haerens

297 1795 437 1857 constitit.

389 1922 494 1985 „Ceut
522 1922 674 2001 particula,
700 1915 782 1999 quae
802 1937 962 1998 nunquam
987 1921 1017 1980 in
1046 1935 1244 1982 communem
1271 1937 1363 1980 usum

296 2033 420 2106 recepta,
451 2028 504 2090 sed
530 2032 687 2107 poetarum
722 2027 878 2106 epicorum
903 2031 931 2088 et
963 2026 1126 2106 lyricorum
1162 2026 1288 2105 propria
1322 2031 1365 2087 est

296 2134 361 2213 (clr.
389 2136 488 2196 lland.
513 2135 640 2198 Tursell.
666 2136 687 2196 ll
714 2155 742 2214 p.
767 2134 821 2212 45)
845 2133 928 2214 apud
953 2133 1105 2194 Avienum
1130 2132 1293 2211 aliquoties
1328 2152 1364 2194 ex

296 2243 481 2320 imperativis
503 2243 668 2305 verborum
699 2241 849 2304 sentiendi
874 2240 1001 2320 pendet:
1034 2239 1056 2301 ll
1086 2241 1147 2302 196
1171 2240 1284 2319 Aspice
1307 2259 1364 2302 ceu

296 2347 392 2409 rutilis
409 2348 505 2409 vibret
522 2348 573 2409 lux
597 2348 717 2411 Gnosia
741 2347 881 2423 flammis,
908 2347 930 2408 ll
955 2348 1036 2408 1137
1055 2345 1173 2425 Inspice
1188 2364 1243 2408 ceu
1259 2345 1364 2408 dextra

296 2454 440 2516 referatur
463 2457 501 2516 ab
524 2474 657 2534 aequore
682 2455 790 2534 planta,
816 2455 851 2516 lll
878 2457 941 2515 772
960 2453 1193 2531 Contemplator
1211 2449 1293 2529 item,
1307 2472 1363 2514 ceu

296 2580 328 2623 se
353 2581 435 2623 mare
459 2563 556 2624 flectat
581 2563 610 2623 in
635 2567 781 2624 austrum.

386 2686 589 2765 Comparatur
613 2691 764 2765 praeterea
781 2685 925 2765 particula
952 2699 1045 2748 „ceul
1070 2702 1117 2744 res
1141 2682 1258 2758 similis
1284 2701 1365 2761 quae

296 2798 348 2854 aut
370 2792 507 2855 eiusdem
533 2798 577 2854 est
599 2792 720 2871 generis
752 2794 803 2852 aut
835 2790 933 2865 habet,
967 2806 1031 2868 quo
1060 2788 1229 2850 conveniat.
1278 2788 1363 2850 Idem

296 2900 453 2979 igiturest
477 2900 562 2978 quod
590 2898 893 2978 „quemadmodumu
920 2901 1001 2960 „utu
1026 2895 1089 2973 (cir.
1112 2895 1213 2956 Hand.
1230 2895 1363 2956 Tursell.

297 3009 320 3068 ll
345 3028 373 3087 p.
398 3009 467 3085 40);
494 3009 612 3069 111884
636 3025 691 3068 ceu
716 3025 791 3084 vaga
814 3024 904 3084 saepe
922 3005 996 3066 Fors
1018 3003 1094 3082 rapit
1113 3006 1234 3064 exactos
1255 3002 1362 3081 patria,

299 3116 334 3176 111
365 3117 447 3176 1330
473 3116 538 3177 Ceu
564 3114 680 3200 species
704 3113 839 3176 chombo
864 3117 915 3174 est.

387 3241 503 3303 Eodem
544 3240 648 3317 modo,
689 3257 752 3317 quo
792 3238 937 3318 particula
978 3241 1047 3302 „uu
1079 3234 1234 3296 adiectivis
1261 3232 1366 3294 addita

296 3348 443 3410 iudicium
469 3348 664 3428 restringitur,
701 3359 795 3412 „ceul
823 3344 999 3424 particulam
1033 3345 1208 3421 usurpatam
1245 3340 1363 3401 inveni-

298 3475 385 3518 mus:
411 3457 433 3518 ll
460 3458 500 3518 78
526 3474 614 3518 verso
639 3473 693 3516 ceu
717 3453 779 3515 fixa
801 3453 961 3514 trahuntur
985 3450 1134 3530 Olympo
1167 3448 1190 3508 ll
1212 3448 1273 3509 130
1293 3446 1361 3508 Ceu

298 3563 495 3627 circumflexo
528 3563 689 3624 sinuantur
717 3560 847 3622 flumina
877 3559 972 3636 lapsu,
1010 3558 1032 3618 ll
1074 3556 1133 3618 134
1171 3571 1271 3632 neque
1307 3571 1362 3615 ceu

298 3672 402 3734 molita
435 3689 600 3750 parumper
631 3669 769 3743 flectitur,
804 3668 826 3728 ll
857 3668 916 3728 147
950 3682 1044 3727 curvo
1075 3680 1130 3724 ceu
1164 3660 1364 3723 circumclusa

298 3779 437 3856 dracone,
473 3780 494 3839 ll
521 3779 585 3839 300
619 3775 710 3838 obvia
744 3793 798 3836 ceu
824 3773 943 3835 vibrant
966 3770 1132 3856 obtutibus
1169 3769 1192 3828 ll
1218 3768 1280 3828 285
1307 3785 1361 3827 ceu

299 3886 412 3949 Siriaco
435 3888 565 3948 torretur
589 3883 671 3962 spica
694 3881 801 3956 calore,
827 3879 878 3942 cfr.
904 3879 926 3939 ll
957 3879 1050 3941 1561.

389 4010 559 4074 Lucretium
578 4007 709 4070 imitatus
723 4006 786 4084 (clr.
806 4006 917 4082 Draeg.
936 4004 959 4064 ll
978 4023 1005 4082 p.
1023 4001 1100 4079 040)
1117 3998 1210 4062 semel
1227 3997 1363 4059 Avienus

299 4120 475 4198 particulam
504 4130 596 4180 „ceuu
624 4115 655 4175 in
680 4114 821 4193 exemplo
845 4130 914 4174 cum
946 4109 1161 4172 coniunctione
1194 4105 1257 4172 „siu
1290 4122 1361 4166 con-
