2868 4602
503 319 679 371 „51-

147 481 319 544 Genetivus
341 481 514 544 subtantivo
539 482 701 558 subiectus,
726 483 779 544 ubi
803 483 939 546 dativum
964 490 1126 566 exspectas,

54 587 200 649 occurrit:
236 587 266 648 ll
297 589 337 648 25
370 587 429 649 llic
459 584 618 667 (luppiter)
650 587 840 667 digestorum
870 591 1003 669 speciem
1032 591 1125 654 dedit

145 693 332 756 Genetivum
378 694 538 756 relationes
580 694 734 757 adiectivis
778 695 948 758 subiectum
987 698 1123 761 Avienus

53 805 173 879 praeter
197 805 312 863 ceteros
336 801 468 862 scribere
491 801 575 864 solet.
607 801 712 874 Quare
741 802 864 865 omissis
888 803 946 865 illis
969 803 1124 867 adiectivis

52 913 84 967 ut
110 907 281 982 „conscius
307 909 435 984 nescius,
460 926 575 988 expers,
604 909 786 985 inmemorss,
811 927 889 988 quae
911 928 947 971 ex
963 912 1122 972 communi

53 1014 244 1092 optimorum
277 1015 459 1095 scriptorum
489 1034 576 1077 more
606 1034 676 1078 cum
705 1017 847 1095 genetivo
876 1017 1028 1078 relationis
1052 1035 1124 1080 con·

52 1122 232 1200 iunguntur,
257 1122 307 1184 illa
330 1123 464 1200 alierum,
489 1140 567 1203 quae
592 1124 693 1186 minus
717 1127 768 1185 aut
791 1123 921 1186 omnino
938 1142 1000 1186 non
1018 1124 1124 1186 usitata

52 1234 135 1290 sunt:
162 1227 202 1290 111
223 1230 282 1291 105
301 1229 466 1291 herbarum
489 1229 677 1306 abundas,
703 1231 731 1291 ll
750 1231 809 1293 001
830 1248 972 1310 anceps
993 1231 1122 1307 numeri,
1225 1277 1226 1280 ,

54 1335 99 1394 lll
125 1337 192 1397 747
209 1335 519 1416 caespitisamplae,
546 1337 593 1398 lll
618 1338 695 1398 1151
725 1336 861 1416 Sinopen
885 1337 1014 1416 gurgitis
1036 1339 1123 1399 atti-

51 1459 177 1518 guam,
202 1443 231 1502 ll
257 1445 320 1504 850
345 1445 444 1504 certa
467 1442 678 1521 procellarum,
704 1443 743 1504 111
770 1445 829 1505 133
856 1443 1014 1506 Cassum
1039 1444 1123 1506 inco-

53 1548 156 1626 larum,
193 1549 244 1610 cir.
271 1550 318 1610 lll
345 1551 417 1626 002,
455 1551 527 1625 938,
561 1567 704 1629 conpar
733 1550 807 1612 solis
832 1551 861 1612 ll
887 1552 960 1627 948,
997 1551 1123 1613 luminis

53 1657 220 1718 crassior
245 1657 273 1718 ll
303 1659 394 1733 1459,
426 1657 541 1735 digna
565 1657 627 1735 poli
655 1657 684 1719 ll
710 1659 773 1719 283
800 1657 938 1735 (reliquis
963 1656 1038 1719 locis
1062 1657 1122 1719 hoc

56 1763 233 1825 adieclivum
268 1781 391 1843 semper
423 1781 493 1824 curn
528 1763 660 1825 ablativo
695 1763 913 1842 coniungitur),
949 1763 997 1824 lll
1038 1765 1121 1826 1320

56 1868 162 1930 horum
199 1869 319 1944 diveS,
355 1869 407 1930 cir.
438 1869 486 1930 lll
517 1871 590 1946 948,
623 1870 733 1932 docta
768 1869 820 1931 sali
859 1871 906 1932 lll
937 1872 1010 1947 383,
1046 1870 1121 1932 lucis

56 1993 189 2052 egenae
221 1977 250 2037 ll
277 1977 482 2055 8301338,
517 1977 576 2038 leta
601 1977 780 2056 pruinarum
811 1978 840 2040 ll
876 1978 948 2054 800,
984 1977 1121 2039 fertilis

58 2079 214 2143 herbarum
241 2083 289 2142 lll
315 2083 388 2160 983,
411 2082 513 2144 ferax
537 2081 609 2144 olivi
635 2082 762 2158 1V495,
789 2084 860 2158 518,
885 2081 1021 2144 sidereae
1044 2081 1118 2144 iacis

59 2186 180 2268 indiga
205 2189 235 2250 ll
262 2190 334 2265 252,
371 2191 443 2265 730,
481 2192 572 2265 1135,
610 2192 689 2253 1491
718 2194 770 2251 etc.
802 2191 841 2253 lV
867 2191 939 2266 213,
971 2190 1119 2252 ieiunas

59 2291 161 2356 herbae
203 2295 251 2356 lll
296 2296 387 2371 1147,
429 2293 536 2357 Bacchi
577 2297 793 2376 inexpertes
833 2295 875 2356 lll
912 2298 985 2373 920,
1029 2298 1112 2359 1390

59 2397 248 2463 inmensus
273 2399 357 2464 modi
384 2402 507 2478 11140,
533 2403 693 2482 inopina
718 2403 787 2464 mali
813 2403 841 2464 ll
871 2405 963 2480 1400,
988 2403 1119 2466 invida

59 2506 112 2566 reri
136 2509 165 2570 ll
195 2511 287 2585 1288,
324 2509 532 2572 insaturata
562 2511 621 2572 cibi
654 2511 682 2572 ll
718 2512 809 2587 1838,
846 2527 1001 2590 magnus
1032 2511 1118 2574 modi

61 2610 100 2672 lll
127 2616 219 2690 1351,
251 2615 380 2695 opima
408 2616 561 2678 virentum
594 2617 641 2678 lll
674 2619 747 2692 074,
779 2615 873 2678 orba
902 2615 1054 2678 cultorum
1080 2618 1118 2680 lV

60 2720 121 2796 442,
146 2724 210 2785 008
229 2723 377 2802 parcior
393 2723 497 2786 rutilae
511 2724 584 2786 facis
602 2725 630 2784 ll
649 2725 721 2800 512,
746 2721 929 2802 prodigus
952 2723 1116 2784 herbarum

61 2824 191 2907 111300,
215 2835 319 2892 satur
342 2831 469 2893 luminis
493 2832 521 2892 ll
554 2833 645 2908 1094,
670 2848 822 2892 vacuam
846 2830 982 2893 nominis
1005 2830 1052 2892 sui
1078 2831 1117 2893 lV

64 2933 121 3010 157,
145 2939 218 3014 440,
244 2940 317 3015 478,
342 2938 454 3000 herbae
477 2939 613 3000 viduus
638 2939 682 2999 lll
708 2940 781 3001 939.

137 3045 297 3125 Participia
320 3063 415 3124 praes,
439 3064 508 3108 cum
537 3045 679 3124 genetivo
707 3045 867 3107 coniuncta
897 3046 970 3108 haec
999 3044 1113 3106 inveni:

62 3151 295 3247 ruris'amans
320 3153 347 3214 ll
378 3155 468 3229 1379,
493 3152 547 3214 sali
572 3156 740 3214 metuens
764 3153 804 3214 lV
831 3154 900 3214 141.

448 3325 505 3392 De
529 3327 711 3393 ablativo.

135 3456 163 3536 a)
187 3459 351 3520 Poetarum
369 3451 467 3520 'more
490 3457 634 3533 Avienus,
665 3461 756 3536 prout
784 3459 880 3518 metro
909 3460 1014 3535 aptum
1043 3461 1113 3532 erat,

62 3560 155 3638 verbis,
179 3565 210 3626 in
235 3565 350 3643 quibus
374 3565 459 3627 notio
483 3563 643 3644 separandi
668 3565 745 3626 inest
767 3563 814 3626 vel
837 3563 953 3639 similis,
984 3581 1112 3643 praepo·

62 3663 185 3734 sitionem
211 3674 248 3752 (a,
272 3673 319 3749 de,
344 3673 394 3751 ex)
419 3676 471 3734 aut
492 3672 601 3734 adiecit
622 3676 674 3733 aut
697 3671 809 3734 omisit.

136 3779 165 3858 a)
190 3780 287 3841 Ablat.
311 3784 436 3860 separat.
467 3781 595 3859 pertinet
621 3779 660 3841 ad
689 3779 781 3840 verba
810 3779 971 3858 simplicia:
1009 3779 1036 3839 ll
1070 3780 1106 3840 91

66 3885 140 3944 notat
161 3883 236 3963 loc0,
269 3888 297 3948 ll
330 3889 394 3950 220
426 3887 499 3968 polo
532 3886 677 3949 iaculatus
706 3885 837 3948 fulmina
866 3886 956 3961 celso,
989 3885 1016 3946 ll
1046 3887 1110 3946 448

65 3981 153 4052 declivi
187 3994 212 4056 si
247 3995 347 4056 visum
388 3995 505 4056 tramite
536 4011 651 4072 vergas
693 3995 720 4056 ll
757 3995 821 4056 494
857 3993 942 4054 nullo
978 3997 1112 4054 manaret

67 4105 157 4174 gurges
178 4101 269 4178 hiatu,
296 4101 323 4161 ll
342 4103 406 4164 499
432 4102 581 4164 Helicone
596 4100 715 4177 cadens,
741 4101 769 4162 ll
789 4102 851 4162 573
877 4118 950 4162 vero
974 4099 999 4162 si
1022 4099 1110 4160 fluxit

973 4223 1003 4275 4.
