2868 4602
527 347 703 399 -41-

75 529 174 590 quem
207 529 278 573 cum
308 510 444 589 signiferi
476 510 613 589 graditur
642 509 688 572 sol
722 528 833 571 aureus
856 512 973 587 orbem,
1006 512 1058 572 ΙΙΙ
1090 515 1147 575 193

76 618 180 698 pelagi
214 621 305 698 caput
342 617 448 697 incipit
482 617 586 679 lmbro
621 617 770 695 (Avienus
803 617 987 697 principium
1022 619 1067 681 vei
1105 619 1149 680 in-

75 743 220 803 gressum
251 728 347 786 terrae
377 727 502 802 „caput‘
526 724 686 785 nominare
709 723 797 800 solet)
830 723 864 784 II
895 726 976 786 1023
1002 733 1151 805 urgentur

76 832 165 894 viam¹
185 831 325 894 similem.

170 957 203 1034 b)
228 957 393 1020 Obiectum
410 960 455 1017 est
470 955 651 1018 adiectivum
668 956 789 1034 generis
806 957 952 1018 neutrius.
994 958 1025 1018 ln
1044 959 1148 1038 lingua

76 1067 205 1146 antiqua
223 1055 275 1126 hic'
288 1081 363 1125 usus
380 1063 553 1124 rarissimus
574 1067 625 1138 est,
650 1063 771 1141 saepius
789 1063 846 1123 iam
865 1063 947 1142 apud
965 1065 1148 1129 Ciceronem

79 1173 241 1247 invenitur,
281 1170 423 1232 latissime
462 1173 541 1248 patet
578 1169 660 1248 apud
701 1175 805 1247 poetas
841 1172 943 1232 aetatis
978 1149 1150 1251 Augusteae

81 1280 145 1358 (cir.
188 1279 297 1356 Draeg.
335 1278 344 1338 l
382 1297 409 1356 p.
450 1277 541 1354 387);
589 1275 624 1336 ll
662 1277 754 1338 ’1742
798 1278 1003 1356 vespertinum
1043 1282 1148 1341 cornix

82 1387 211 1461 resultat,
236 1385 289 1446 Ill
315 1386 378 1446 707
403 1383 550 1446 blandum
575 1382 679 1460 strepit
701 1382 770 1444 ales.

171 1512 241 1572 lloc
271 1510 339 1572 loco
372 1506 663 1572 commemorandus
693 1511 737 1568 est
759 1509 947 1571 accusativus
972 1511 1021 1572 ille
1044 1513 1149 1573 adver-

82 1618 169 1680 bialis
197 1617 276 1682 „hoc
298 1631 415 1695 genusu
442 1615 574 1677 attributi
600 1614 668 1676 loco
689 1615 782 1675 semel
804 1621 979 1694 usurpatus:
1005 1618 1062 1696 (cir
1089 1621 1148 1680 lat.

79 1726 187 1787 Gram.
222 1743 282 1787 uon
316 1723 398 1786 Stolz
429 1723 492 1784 rmd
527 1721 674 1783 Scbmalz.
707 1741 734 1799 p.
767 1724 843 1800 232)
875 1723 888 1781 Ι
916 1726 956 1785 20
989 1729 1021 1785 ut
1050 1745 1149 1819 genus

79 1834 140 1894 hoc
162 1832 263 1893 arbos,

169 1956 366 2018 Accusativus
399 1954 509 2028 localis,
545 1972 608 2030 quo
640 1953 725 2016 locus
756 1955 951 2033 significatur,
984 1955 1023 2017 ad
1055 1914 1146 2035 quem

79 2068 183 2126 motus
205 2061 313 2123 tendit:
338 2060 372 2121 ΙΙ
398 2061 439 2122 00
465 2061 554 2121 Musa
578 2065 610 2122 ut
633 2059 802 2140 Cecropios
826 2067 981 2141 raperetur
997 2067 1025 2124 et
1041 2064 1146 2140 Aonas

78 2186 180 2248 agros,
209 2167 243 2228 ll
273 2169 333 2230 180
359 2167 565 2250 Hesperidum
591 2167 709 2228 venisse
734 2167 825 2244 locoS,
860 2168 895 2229 ll
924 2169 1002 2231 1571
1032 2170 1145 2232 borean

76 2275 373 2364 iaculetur-luminis
397 2275 474 2350 igne,
500 2273 554 2334 ΙΙΙ
580 2275 643 2336 339
668 2292 700 2336 se
723 2274 829 2336 Nilum
855 2275 943 2336 trabit
960 2275 1067 2356 (Siris),
1093 2277 1145 2338 Ill

75 2385 140 2446 795
162 2383 323 2444 Carmanis
346 2401 407 2460 qua
430 2399 463 2443 se
487 2380 586 2460 pelagi
612 2381 718 2460 procul
743 2381 858 2444 invehit
882 2383 989 2459 undas
1015 2383 1065 2446 IV
1083 2387 1147 2446 384

75 2490 191 2552 Nullus
214 2489 330 2576 carinas
353 2507 470 2566 aequor
494 2487 568 2549 illud
595 2488 700 2549 intulit.

503 2677 558 2743 De
583 2679 727 2744 dativo.

167 2843 433 2906 Consuetudinem
486 2844 638 2906 sermonis
684 2845 794 2906 Graeci
842 2849 963 2906 secutus
1008 2845 1146 2908 Avienus

72 2953 211 3014 dativum
236 2951 414 3013 sociativum
441 2950 543 3012 verbis
574 2955 734 3026 „certare‘⁴,
770 2951 947 3026 „misceret
982 2953 1143 3016 „haereret

72 3059 248 3122 subiunxit:
273 3057 338 3119 .Ill
379 3059 461 3120 1090
498 3059 533 3120 et
568 3062 668 3120 tamen
700 3059 747 3120 bis
781 3058 852 3120 celsi
885 3063 997 3120 certant
1029 3059 1148 3138 fastigia

71 3166 187 3246 templi,
212 3165 247 3226 11
278 3167 368 3240 1545,
392 3169 608 3243 astrorumque
632 3165 702 3226 duci
728 3165 858 3239 haerent,
889 3165 922 3224 ll
954 3168 1036 3228 1842
1060 3168 1145 3244 gregi

71 3273 198 3354 cupiant
221 3273 353 3348 haerere,
387 3271 498 3336 cinll
524 3273 597 3347 933,
630 3271 664 3332 11
695 3269 836 3352 1357l58
868 3272 917 3332 alii
950 3290 1032 3334 nunc
1055 3291 1146 3346 aurea

71 3381 163 3442 Titan
190 3380 319 3461 lumina
343 3378 495 3454 miscetur,
522 3377 575 3439 III
601 3379 663 3440 935
688 3378 835 3456 gregibus
860 3379 1009 3456 permixti.
1135 3437 1137 3444 ,

167 3503 296 3565 Dativus
320 3503 432 3583 pendet
454 3523 472 3566 a
496 3504 596 3566 verbis
619 3503 804 3583 compositis,
930 3543 933 3554 .
982 3543 989 3558 .

163 3613 191 3689 a)
208 3629 342 3690 quorum
359 3611 488 3690 simplex
505 3617 550 3674 est
566 3612 695 3680 verbum
714 3612 935 3673 intransitivum
951 3612 1015 3690 (cir.
1031 3613 1142 3689 Draeg.

72 3721 79 3778 l
106 3740 137 3799 p.
168 3719 231 3780 407
254 3714 348 3799 sqq.):
372 3717 546 3780 adiacere
568 3717 619 3781 IV
639 3721 715 3795 200,
750 3719 814 3780 252
845 3719 937 3797 (idem
964 3733 1038 3780 usus
1061 3719 1144 3797 apud

72 3827 192 3889 livium
210 3828 239 3887 et
255 3824 440 3904 posteriores
465 3825 630 3903 invenitur)
656 3826 881 3888 adhaerere:
908 3825 960 3890 IV
984 3828 1047 3887 224
1072 3824 1144 3901 (boc

69 3933 106 3994 ab
118 3932 198 3995 Livii
215 3931 407 4011 temporibus
425 3931 610 4012 percrebuit)
628 3932 710 3994 coire
726 3931 779 3993 ΙΙΙ
793 3935 858 3995 410
871 3932 979 3994 ambae
992 3932 1143 4011 producto

70 4043 182 4104 coeunt
212 4039 274 4102 sibi·
301 4039 430 4119 caespite
463 4044 566 4114 terrae,
603 4038 655 4100 cir.
689 4038 743 4100 ΙΙΙ
776 4041 840 4102 550
876 4040 968 4114 1334,
999 4037 1034 4099 ΙΙ
1068 4039 1141 4113 803,

75 4147 157 4210 1590
193 4145 299 4224 (buius
332 4164 406 4208 usus
437 4146 541 4208 localis
573 4146 709 4224 Draeger
738 4147 913 4226 exemplum
946 4162 1008 4208 non
1032 4143 1140 4222 affert),
