2868 4602
546 338 720 392 ,25-

95 504 254 581 vigentem
280 520 371 582 posse
395 501 552 562 transmitti
577 501 695 576 adserit,
721 501 760 563 lV
785 499 916 584 267169,
941 501 1042 564 Gadir
1060 499 1109 561 tric
1124 504 1168 562 est

96 609 270 689 oppidum:
296 610 361 690 ipsa
385 608 544 672 76665565
567 607 652 687 prius
675 607 903 687 Cognominata
926 615 977 670 est.
1013 607 1077 687 (etr.
1101 607 1166 670 Sittl

100 716 162 778 Die
188 716 305 778 lokalen
330 714 637 778 Verschiedenheiten
662 716 718 777 der
741 715 788 776 161.
812 715 946 795 Spracbe
971 735 999 794 p.
1028 715 1110 792 115.)

193 859 221 933 lr)
248 859 304 922 „lit
328 857 489 938 ipse“=noi
514 857 615 933 αὐτός,
640 876 719 936 quae
738 863 885 920 structura
901 859 1067 919 verborum
1084 858 1167 937 apud

97 965 265 1028 Caesarem
289 970 318 1027 et
341 964 515 1028 Sallustium
540 969 672 1039 nonest,
696 965 779 1043 apud
797 963 978 1027 Ciceronem
995 963 1168 1042 quinquies

97 1073 278 1152 saepissime
301 1072 384 1151 apud
410 1072 528 1133 livium
554 1071 714 1148 invenitur,
740 1071 804 1150 (cfr.
831 1072 943 1150 Draeg.
969 1071 977 1131 l
1003 1091 1032 1149 p.
1053 1071 1108 1148 81)
1130 1075 1173 1131 ter

98 1179 132 1239 in
158 1177 267 1239 Avieni
292 1177 480 1239 carminibus
504 1178 646 1240 occurrit:
676 1179 715 1240 lV
739 1179 812 1254 216,
837 1177 957 1240 Saturni
982 1177 1107 1257 etipsa,
1133 1177 1171 1239 lV

99 1287 177 1360 704,
203 1284 338 1346 Massilia
362 1289 389 1346 et
414 1285 479 1364 ipsa
502 1288 553 1360 est,
579 1285 601 1344 ll
628 1287 700 1360 724,
725 1283 790 1344 talis
814 1287 842 1344 et
866 1284 938 1363 ipse.

193 1427 214 1504 l)
246 1427 423 1490 Pronomen
465 1427 568 1502 „isles
608 1427 693 1505 quod
732 1426 952 1489 creberrimum
993 1426 1022 1487 in
1061 1425 1169 1488 Avieni

98 1533 290 1597 carminibus
310 1538 361 1608 est,
387 1552 612 1612 nonnunquam
643 1533 711 1596 loco
743 1534 937 1612 pronominis
969 1533 1056 1598 „hier
1083 1552 1170 1596 usur-

99 1646 200 1721 patur.
237 1640 288 1701 llle
312 1657 393 1716 usus,
416 1641 468 1719 qui
489 1641 547 1702 iam
572 1639 654 1719 apud
679 1640 833 1703 Valerium
860 1626 1030 1702 Maximum
1055 1640 1171 1702 inveni-

102 1754 163 1824 tur,
187 1747 269 1827 apud
295 1747 432 1809 Gellium
458 1765 584 1825 quoque
614 1750 659 1823 17,
692 1750 737 1822 12,
763 1749 782 1808 4
807 1753 835 1809 61
859 1747 980 1826 saepius
1002 1747 1085 1826 apud
1110 1747 1171 1808 Au-

99 1854 262 1934 gustinum
287 1853 425 1916 occurrit.
472 1853 537 1930 (cfr.
563 1853 673 1932 Draeg.
699 1855 708 1914 1
735 1854 800 1931 87.)
849 1853 1027 1915 Promiscue
1051 1852 1172 1933 saepius

100 1961 291 2042 pronomina
317 1961 409 2026 „isteu
436 1964 466 2022 et
491 1960 578 2024 „hicu
613 1960 643 2021 in
668 1960 777 2022 eodem
802 1961 966 2022 sententiae
989 1978 1109 2022 conexu
1133 1961 1171 2022 ad

99 2067 232 2130 eandem
263 2085 327 2129 rem
357 2067 446 2129 relata
476 2067 685 2129 inveniuntur:
725 2068 761 2127 lll
792 2063 916 2148 861162
946 2066 1006 2129 Η16
1037 2067 1172 2144 (Tanais)

98 2175 207 2237 Asiam
234 2176 356 2254 Europa
380 2175 575 2249 disterminat,
595 2174 711 2236 arduus
736 2174 847 2234 istum
869 2174 1026 2235 Caucasus
1046 2177 1172 2236 eructat:

99 2280 260 2360 Scythicos
295 2281 355 2342 bic
390 2279 477 2342 16565
507 2280 536 2342 16
567 2298 666 2359 agros
699 2281 735 2341 lll
769 2279 902 2362 831134,
932 2279 1075 2359 trinoque
1103 2282 1172 2342 sinu

99 2405 200 2466 vagus
224 2386 324 2448 influit
346 2392 446 2448 aestus
467 2388 568 2450 Unam
590 2387 680 2448 Asiae
704 2387 832 2448 molem:
857 2387 943 2449 sinus
967 2387 1077 2450 istam
1104 2388 1173 2449 Per-

98 2497 184 2558 sicus
209 2493 305 2569 intrat,
330 2494 484 2555 Maximus
508 2493 604 2555 hanc
622 2493 759 2556 Arabum
783 2494 895 2556 scindit
917 2494 1012 2570 51665,
1037 2499 1066 2556 61
1088 2496 1175 2557 51665

98 2618 221 2680 aequor
250 2600 355 2662 lnserit
386 2602 555 2680 HyrcanuS,
594 2601 630 2661 lll
662 2603 726 2663 876
758 2601 883 2662 Η6165
913 2600 1065 2679 (Caucasi)
1098 2603 1175 2664 valle

99 2707 210 2789 procul
244 2707 351 2769 Phasis
379 2707 481 2785 gemit,
516 2707 630 2769 istius
665 2712 752 2770 antro
783 2707 915 2786 Agmina
945 2708 1104 2786 provolvit,
1138 2709 1173 2770 lll

100 2810 252 2894 2651267
271 2814 363 2876 116165
379 2814 518 2894 caespitis
543 2850 568 2856 —
595 2814 708 2876 istius
732 2833 810 2890 orae,
837 2812 993 2896 11140142
1018 2815 1080 2877 1116
1102 2833 1175 2877 666-

99 2920 193 2998 tingit
217 2955 243 2962 -
269 2920 339 2982 iste
362 2924 448 2995 secat,
471 2921 598 2983 115-9
625 2921 698 2982 1516
723 2921 837 3000 paterni
857 2921 1046 3001 Principium
1064 2927 1174 2988 motus,

100 3027 151 3090 vis
174 3025 314 3087 lulminis
339 3027 406 3088 iste
436 3027 553 3090 corusci
579 3076 711 3088 .....
738 3027 788 3088 hic
811 3032 895 3090 tener
917 3047 976 3102 aer,
1002 3030 1024 3090 ll
1048 3031 1121 3092 15-
1137 3027 1176 3104 17

101 3137 177 3198 1516
201 3134 331 3196 calorem
359 3135 492 3210 inseruit,
523 3135 576 3196 rite
607 3134 707 3196 hunc
736 3135 879 3213 primum,
910 3134 1047 3196 medium
1074 3136 1176 3214 adque

101 3241 288 3316 secundum,
307 3241 329 3301 ll
348 3243 387 3302 25
407 3241 468 3302 hic
483 3241 672 3320 digestorum
689 3240 821 3320 speciem
839 3240 930 3316 dedit,
948 3241 1020 3302 1516
1040 3241 1175 3304 colorem

104 3348 241 3428 imponit
272 3348 371 3422 rebus,
406 3348 457 3409 cir.
491 3348 510 3408 ll
536 3350 587 3422 41,
612 3344 722 3428 43144,
755 3344 865 3426 90415,
897 3347 918 3406 11
955 3344 1105 3428 1139140,
1138 3349 1176 3410 lV

103 3451 240 3536 569174,
268 3455 288 3514 11
320 3451 470 3534 1189190,
500 3451 651 3535 1256157.

125 3613 129 3622 ’
197 3598 240 3673 m)
267 3597 447 3659 Pronomini
486 3596 589 3671 η15161,
630 3595 715 3674 quod
755 3596 819 3657 vice
855 3595 1050 3675 pronominis
1087 3596 1173 3660 „hier

103 3704 253 3783 fungitur,
278 3707 323 3764 ter
346 3720 517 3781 pronomen
547 3703 633 3766 „illei
661 3703 837 3781 oppositum
863 3706 915 3778 est,
943 3702 1029 3780 quod
1054 3702 1176 3765 dicendi

103 3829 207 3892 genus
230 3810 394 3888 Augustini
420 3810 612 3889 temporibus
636 3809 832 3889 percrebruit.
858 3810 983 3887 (Draeg.
998 3810 1027 3870 1.
1050 3829 1078 3888 p.
1099 3811 1178 3888 87.):

108 3919 131 3980 ll
163 3913 305 3998 1235137
338 3915 397 3978 Sed
429 3934 492 3978 non
522 3915 668 3994 aurigam,
698 3933 768 3976 cum
793 3915 929 3994 gurgites
954 3916 1003 3977 ille
1031 3915 1177 3994 prolundi

106 4027 171 4086 lma
194 4024 268 4104 petit
292 4022 432 4102 pedibus
457 4041 546 4102 capra
570 4039 642 4084 mox
667 4021 795 4084 haedive
812 4027 963 4084 secuntur.
1012 4023 1084 4083 lsta
1104 4023 1177 4102 polo

106 4132 237 4204 rutilant,
277 4129 382 4191 illum
423 4130 500 4190 vada
538 4129 630 4190 livida
666 4128 812 4200 condunt,
856 4130 891 4189 lll
934 4124 1057 4208 576177
1097 4129 1180 4191 luxta
