2868 4602
491 358 666 410 ..43-

29 525 138 583 ratem
163 524 345 600 susceperat,
369 521 421 582 clr.
447 522 486 584 lV
514 522 583 595 149,
609 521 780 582 inserere
805 523 827 582 ll
853 523 927 596 499,
948 525 1021 598 779,
1041 525 1115 598 889,

36 630 134 690 1057
170 632 235 703 etc,
270 628 450 689 invehere
486 629 525 690 lV
560 629 633 701 297,
669 627 847 690 subicere
883 629 919 690 111
957 631 1020 692 273
1058 629 1115 692 soli

28 735 182 798 subiecta
197 734 327 797 cadenti.
359 735 475 797 Omnia
491 735 566 796 haec
581 735 750 814 composita
766 753 835 796 cum
853 735 955 799 dativo
972 737 1117 799 coniunc-

33 851 71 904 ta
97 842 138 904 de
163 843 240 918 loco,
265 859 329 902 non
353 841 492 902 translate
515 841 574 902 dici
598 841 827 904 observandum
851 846 903 904 est.

139 949 303 1012 Poetarum
327 966 414 1010 more
436 947 572 1010 Avienus
595 948 729 1009 dativum
755 967 825 1010 cum
848 950 950 1012 verbis
970 951 1115 1013 movendi

35 1057 216 1135 coniungit,
247 1060 280 1116 ut
305 1055 455 1118 terminus
482 1055 678 1134 significetur,
706 1056 745 1117 ad
770 1075 863 1135 quem
887 1061 990 1120 motus
1012 1058 1116 1120 tendit.

38 1165 112 1238 Qui
153 1182 237 1239 usus,
275 1182 346 1226 cum
385 1181 403 1225 a
441 1163 539 1243 prisca
577 1163 681 1241 lingua
714 1164 833 1226 alienus
871 1165 916 1240 sit,
952 1183 1021 1228 raro
1056 1165 1114 1226 iam

35 1272 130 1351 apud
170 1271 353 1334 Ciceronem
393 1276 421 1332 et
459 1270 620 1333 Caesarem
660 1272 816 1351 reperitur,
854 1273 917 1351 (cir.
960 1273 1071 1351 Draeg.
1108 1275 1115 1333 l

41 1400 76 1458 p.
108 1380 188 1458 426)
223 1378 277 1441 sed
308 1378 563 1441 familiarissimus
597 1383 642 1440 est
674 1379 772 1458 poetis
803 1380 906 1441 aetatis
937 1379 1118 1458 Augusleae,

48 1487 80 1547 Ε.
116 1505 160 1564 g.:
198 1487 221 1546 ll
257 1482 380 1567 956757
415 1503 525 1547 manus
556 1485 668 1547 extima
698 1486 758 1546 acri
793 1485 968 1564 Subrigitur
1000 1487 1118 1562 boreae,

49 1595 71 1654 11
113 1596 196 1656 1117
231 1592 310 1655 cedit
341 1592 507 1672 delphinus
543 1593 661 1715 pplago,
701 1593 723 1653 ll
765 1595 846 1655 1253
882 1594 1021 1672 Totaque
1054 1597 1117 1654 tum

2 1735 5 1766 2
49 1702 161 1780 pelago
195 1700 280 1762 caelo
315 1699 473 1762 descendit
500 1700 539 1761 ab
573 1700 641 1776 alte,
676 1701 698 1761 ll
735 1701 818 1762 1279
852 1719 960 1762 recavo
993 1700 1121 1762 redeunt

3 1789 4 1792 ¹
52 1808 151 1882 uraris,
178 1808 213 1868 111
239 1803 364 1888 438739
388 1806 515 1884 (Hister)
548 1811 578 1867 in
603 1823 678 1869 coos
707 1806 892 1868 convertitur
920 1825 999 1882 axes
1031 1807 1120 1868 Euxi-

53 1933 157 1994 noque
180 1913 244 1976 salo
269 1913 461 1993 provolvitur
483 1913 649 1992 (Erravisse
673 1913 771 1992 igitur,
797 1913 918 1975 videtur
940 1914 975 1976 Α.
993 1913 1120 1987 liolder,

52 2022 106 2100 qui
131 2022 161 2083 in
187 2020 287 2083 indice
310 2021 476 2083 verborum
501 2019 645 2082 editionis
672 2021 812 2084 „Euxino
835 2021 919 2082 salou
955 2021 1118 2082 ablativum

55 2147 121 2190 esse
142 2124 321 2207 contendit.)
354 2129 377 2189 ll
407 2123 549 2209 1792793
574 2146 643 2189 cum
668 2132 843 2190 commovet
866 2131 950 2190 ortus
973 2128 1121 2206 Vergilias

62 2237 170 2314 pelago,
201 2235 237 2297 111
269 2237 335 2298 642
363 2234 436 2308 Qua
463 2253 495 2296 se
524 2238 607 2314 parte
636 2234 732 2296 celsae
759 2238 850 2296 notus
879 2234 968 2313 erigit
993 2235 1121 2311 aethrae,

65 2342 98 2403 lV
129 2339 249 2424 664765
300 2343 343 2407 Ut
379 2342 410 2402 in
443 2359 606 2421 supremos
646 2342 748 2420 ignem
789 2341 1010 2421 Hyperboreos
1046 2348 1121 2420 agat,

66 2449 326 2528 hchaemenioque
371 2453 467 2511 semet
511 2448 590 2511 ortui
637 2448 720 2524 ierat,
768 2449 803 2510 111
856 2450 938 2510 1105
985 2449 1124 2527 Alpheus

70 2555 193 2618 illaesum
219 2559 338 2636 optatae
360 2556 477 2618 tlumen
502 2556 618 2618 ducens
641 2555 816 2630 Arethusae,
843 2556 877 2616 111
905 2557 968 2617 225
986 2545 1123 2635 porrecta

70 2665 135 2724 nari
157 2669 251 2726 terrae
275 2665 356 2743 iuga.

18 2839 21 2843 ,
148 2771 291 2832 Dativum
312 2771 444 2833 auctoris
467 2770 560 2832 verba
583 2770 701 2850 passiva
724 2775 911 2850 sequentem,
936 2787 1028 2848 quem
1054 2770 1122 2832 loco

73 2879 292 2956 praepositionis
320 2878 360 2940 ab
391 2877 524 2957 positum
556 2877 669 2953 dicunt
700 2878 835 2939 Avienus
865 2876 913 2939 his
937 2876 1012 2940 locis
1035 2894 1123 2938 usur-

75 2985 154 3058 pavit:
192 2988 256 3048 249
298 2984 445 3064 (brachia)
493 2984 667 3046 Formidata
704 2984 779 3046 truci
820 2984 942 3058 Orioni,
990 2985 1012 3043 ll
1059 2985 1123 3046 449

20 3138 22 3178 ,
76 3089 121 3150 tibi
149 3097 179 3152 ut
202 3093 365 3171 linquatur,
391 3092 413 3152 11
439 3093 502 3154 705
543 3090 682 3152 dilectam
720 3091 851 3154 domino
881 3090 975 3165 navis,
1005 3089 1057 3151 clr.
1088 3091 1124 3152 111

22 3255 25 3278 2
78 3198 138 3274 621,
165 3201 234 3276 701,
265 3201 288 3261 ll
320 3201 384 3261 714
413 3199 490 3262 Sunt
520 3198 637 3277 digesta
666 3198 750 3274 mihi,
782 3199 803 3258 ll
835 3199 899 3260 920
924 3197 971 3258 via
995 3197 1127 3276 carpitur

80 3303 128 3379 olli,
151 3307 170 3367 ll
198 3309 279 3370 1645
313 3305 441 3369 Phoebo
472 3307 571 3368 nubes
596 3323 746 3386 percussa,
772 3307 793 3366 ll
820 3307 884 3366 737
908 3303 1010 3366 valido
1035 3323 1126 3384 pene·

80 3415 138 3473 trah
166 3415 262 3491 calori,
298 3415 320 3475 ll
360 3416 441 3476 1783
476 3414 660 3475 nutrimenta
692 3413 816 3474 latenter
848 3411 905 3473 sibi
937 3415 1068 3491 operata,
1102 3412 1124 3472 ll

86 3519 150 3581 1787
175 3522 199 3583 si
228 3521 304 3600 quid
333 3521 387 3582 tibi
417 3523 578 3599 repertum,
610 3520 645 3581 lll
676 3515 818 3600 1067768
843 3518 968 3598 populis
993 3519 1126 3581 Phoeni-

83 3623 153 3688 cibus
175 3630 255 3693 Urbs
280 3629 352 3708 iope
377 3627 535 3703 habitatur,
560 3627 597 3689 111
626 3628 708 3690 1267
735 3625 878 3690 incolitur
900 3626 1003 3688 solum
1029 3636 1127 3706 popu-

87 3730 113 3791 lis
136 3734 231 3812 tribus,
262 3736 315 3798 cfr.
346 3737 369 3796 ll
405 3737 497 3810 1514,
527 3730 661 3817 655756,
692 3733 727 3796 lll
758 3735 850 3809 1321,
880 3736 927 3808 14,
959 3735 1031 3808 286,
1063 3733 1126 3794 820

87 3843 135 3914 etc,
155 3841 189 3904 lV
211 3846 238 3919 3,
263 3846 313 3918 71,
339 3845 403 3904 480
427 3847 481 3904 etc

160 3949 303 4027 Dativum,
328 3969 421 4030 quem
446 3954 555 4012 vocant
584 3947 742 4011 commodi
773 3953 801 4010 et
831 3947 1028 4022 incommodi,
1059 3945 1126 4006 loco

95 4056 196 4124 genetivi
222 4058 380 4122 subiectivi
410 4075 500 4138 saepe
533 4057 572 4118 ab
600 4055 719 4119 Avieno
753 4059 932 4135 usurpatum
966 4069 1032 4115 esse
1064 4051 1125 4126 scit,

98 4158 136 4231 lli
158 4162 273 4228 lectione
299 4167 365 4228 eius
389 4165 559 4228 carminum
592 4163 729 4225 imbutus
759 4165 811 4224 est.
865 4161 958 4223 ilunc
981 4176 1071 4221 usum
1096 4161 1129 4217 ut
