2868 4602
536 289 712 344 -73-

81 461 189 524 stilus:
214 459 315 519 incute
338 457 466 532 doctam,
493 456 618 518 Phoebe
642 456 764 536 chelyn!
798 455 869 517 totis
894 455 1023 517 Helicon
1048 455 1160 536 aspiret

81 569 127 629 ab
152 565 254 627 antris.

181 673 283 734 Verbo
317 670 460 749 precandi
494 675 522 732 et
553 670 662 733 orandi
696 673 729 730 ut
760 669 833 731 alias
867 670 963 732 verbo
1002 687 1155 749 „quaesou

82 779 289 858 imperativus
312 779 490 856 paralactico
507 777 616 839 ordine
637 777 827 854 adiungitur:
854 778 889 838 lll
916 774 1016 858 60819
1042 796 1157 857 precor,

82 889 226 966 aspirate,
251 903 400 959 camenae,
432 885 510 945 Inter
533 889 561 946 et
584 884 742 962 oppositas
766 883 911 946 intendite
939 885 1029 946 lintea
1056 889 1158 962 terras,

83 995 108 1054 ll
134 989 262 1072 290192
287 1009 402 1070 precor,
428 991 458 1052 in
482 995 575 1052 terras
600 990 696 1052 flecte
721 991 828 1053 oculos
845 991 1058 1070 placidamque
1082 993 1158 1054 meis

82 1099 279 1173 venerabilis,
305 1117 368 1174 oro,
395 1098 500 1159 Pande
523 1099 615 1172 sacris
637 1115 751 1160 aurem.

181 1205 324 1268 Similiter
340 1201 479 1267 'verbum
520 1205 663 1267 credendi
703 1206 812 1268 ordine
852 1204 1028 1284 paratactico
1063 1204 1156 1266 semel

83 1318 270 1391 usurpatum
295 1317 350 1374 est:
380 1311 511 1388 „Credo
536 1313 566 1374 ni
597 1300 676 1374 desit
705 1330 889 1391 magnorum
919 1330 1054 1391 congrua
1078 1301 1157 1387 cura,

85 1421 237 1498 Prompta
260 1420 308 1480 via
331 1424 376 1482 est
398 1435 603 1498 cognoscereu
633 1420 655 1480 ll
685 1418 837 1500 1320121.

181 1527 372 1589 Graecorum
397 1545 487 1588 usum
512 1531 634 1588 secutus
657 1527 793 1588 Avienus
817 1527 848 1588 in
872 1526 1033 1588 enuntiatis
1059 1507 1158 1588 mino-

84 1635 178 1696 ribus
196 1634 341 1696 orationis
357 1631 505 1712 obliquae
530 1633 727 1696 indicativum
751 1634 854 1714 posuit
877 1651 934 1712 pro
953 1633 1156 1709 coniunctivo,

85 1741 207 1803 etiamsi
242 1760 279 1802 ex
310 1741 465 1819 loquentis
498 1759 561 1803 non
595 1741 754 1803 scribentis
786 1741 890 1805 animo
925 1740 975 1801 illa
1007 1740 1157 1801 enuntiari

85 1847 329 1926 intellegendum
353 1851 409 1910 est:
435 1848 474 1909 lV
498 1846 620 1929 372174
646 1848 863 1928 Caryandaeus
886 1847 993 1926 Scylax
1018 1846 1156 1908 Medium

84 1955 241 2016 fluentum
276 1955 353 2016 inter
382 1955 542 2016 columnas
575 1954 687 2017 adserit
718 1955 849 2016 Tantum
883 1959 991 2033 patere,
1025 1958 1159 2032 quantus

84 2067 191 2141 aestus
223 2063 364 2141 Bosporo
398 2067 448 2138 est,
486 2063 524 2125 lV
557 2059 689 2144 337139·
713 2063 880 2124 Euctemon
909 2062 955 2138 ait,
992 2062 1063 2123 Non
1089 2061 1159 2140 plus

86 2170 204 2231 habere
237 2169 437 2248 longitudinis
471 2169 574 2245 modo,
608 2169 712 2242 Quam
730 2156 945 2248 *porriguntur
977 2173 1097 2231 centum
1122 2171 1157 2229 et

84 2281 159 2340 octo
184 2277 273 2354 milia,
299 2277 321 2338 ll
351 2273 469 2359 177185
495 2281 643 2339 memorat
668 2277 837 2356 (Panyasis)
860 2276 1160 2357 Amphitryoniaden

85 2371 298 2464 Hesperidum
323 2384 444 2445 venisse
468 2384 552 2446 locos
569 2387 597 2445 et
610 2401 702 2445 aurea
719 2384 797 2444 mala
813 2383 968 2462 carpsisse,
993 2387 1155 2463 postquam

85 2493 139 2553 ille
163 2509 288 2570 serpens
311 2491 461 2566 occubuit,
487 2492 509 2552 ll
536 2487 681 2573 5981600
706 2491 793 2564 Quin
817 2491 967 2569 Meropen
991 2490 1050 2567 alii,
1075 2495 1158 2570 post-

85 2617 183 2678 quam
208 2598 365 2678 Sisypheia
388 2598 487 2660 vincla
512 2599 548 2660 Et
570 2598 720 2660 thalamos
743 2615 834 2659 saevo
858 2597 962 2658 sortita
984 2601 1029 2659 est
1052 2598 1158 2660 omine

84 2707 205 2781 divum,
230 2706 389 2784 Indignam
413 2706 493 2767 aeria
516 2705 645 2767 credunt
669 2723 757 2783 mage
780 2704 854 2766 sede
877 2704 980 2767 luisse.

181 2813 229 2874 De
251 2813 413 2875 enuntiatis
437 2811 713 2875 condicionalibus.

180 2920 325 3000 Exempla
363 2919 514 3000 quaedam
559 2919 668 2981 afferre
715 2919 790 2980 mihi
837 2919 993 2998 proposui,
1041 2919 1157 2998 quibus

85 3032 214 3108 apparet
251 3028 364 3089 modos
405 3045 495 3106 saepe
534 3027 565 3087 in
608 3025 771 3088 enuntiatis
812 3025 1078 3088 condicionalibus
1116 3027 1157 3089 ab

85 3135 209 3197 Avieno
233 3134 355 3196 mutari:
382 3135 404 3196 ll
430 3130 553 3216 865167
574 3133 680 3196 Noctis
703 3133 799 3212 siquis
823 3137 980 3212 praecepta
1002 3138 1157 3212 sequatur,

88 3245 244 3304 Incassum
278 3242 402 3321 zephyri
440 3242 603 3303 volvunt
637 3259 734 3302 mare:
766 3241 862 3319 siquis
885 3245 914 3301 at
937 3241 991 3302 ista
1015 3240 1156 3320 Respuat,

87 3352 223 3414 incautas
247 3350 431 3430 percellent
460 3349 557 3411 flabra
585 3351 710 3424 carinas,
745 3349 767 3410 ll
799 3345 923 3428 (136138
953 3366 1044 3410 aurea
1073 3348 1155 3428 pepli

87 3459 196 3522 Sidera
235 3457 375 3520 nocturni
413 3457 438 3519 si
478 3462 649 3537 suspectare
688 3457 831 3522 libebit
869 3457 934 3518 Nee
971 3456 1157 3518 scindunt

87 3566 227 3628 medium
263 3565 419 3627 Phoebeia
454 3564 571 3626 lumina
603 3583 750 3637 inensem,
787 3565 810 3626 ll
846 3560 989 3646 1724126
1013 3563 1038 3625 si
1063 3568 1160 3632 notus,

85 3671 190 3734 trahit
212 3673 311 3734 nubes
335 3672 404 3734 Sive
433 3689 552 3734 crassus
585 3672 712 3734 amictus
744 3670 925 3748 tendatur,
960 3672 983 3733 ll
1012 3668 1154 3751 1535138

87 3779 112 3842 si
139 3777 203 3840 duo
226 3796 259 3840 se
283 3778 372 3839 lunae
396 3777 620 3840 circumfudere
647 3825 653 3840 .
678 3826 685 3840 .
709 3825 716 3838 .
741 3825 748 3839 .
772 3778 797 3840 si
822 3777 920 3840 trinus
942 3777 1161 3840 constrinxerit.

86 3886 223 3948 ambitus
246 3887 362 3962 orbem,
394 3887 415 3946 ll
446 3883 587 3966 1661169
612 3885 637 3947 si
662 3885 815 3947 sideribus
840 3884 949 3947 similis
972 3885 1025 3946 lux
1049 3884 1156 3946 duret

87 4000 117 4056 et
143 3994 185 4054 illi
209 3995 314 4055 Taetra
337 3994 387 4055 sit
409 3994 527 4073 efligies
555 4041 562 4054 .
597 4042 604 4056 .
640 4041 647 4054 .
683 4041 689 4056 .
725 3993 836 4054 Lenior
858 3993 912 4054 sed
936 3993 961 4054 si
985 3993 1069 4054 stella
1092 4009 1156 4054 cer-

89 4101 196 4162 nitur
229 4102 264 4164 Et
293 4101 399 4181 procul
430 4101 503 4164 iuba
531 4101 656 4180 flagrat
683 4100 829 4162 aselli..
855 4148 895 4168 ..
931 4104 960 4161 at
994 4099 1019 4162 si
1056 4100 1154 4161 lucem
