2868 4602
494 341 671 394 „39-

50 512 286 571 tremuerunt
317 525 411 585 regna
442 524 564 584 pavore,
594 507 617 566 ll
647 504 788 588 1368160
820 507 978 568 solvunt
1008 525 1118 584 prope-

52 622 148 678 rantes
172 615 262 676 lintea
279 614 413 675 Bacchae
429 612 565 688 Vincula,
591 613 694 675 viroso
714 617 819 692 pectus
835 613 958 674 vinxere
977 613 1118 686 dracone,

52 725 85 785 lll
111 722 237 806 310112
262 721 377 800 pubem
403 720 515 781 latiam
539 719 622 782 ferus
650 720 802 782 horruit
827 721 929 782 Hister
953 720 1119 788 Romanas-

52 850 110 909 que
134 829 253 908 aquilas
278 827 446 895 Rhodanus
469 827 609 902 tremit,
642 827 780 907 Italidum
806 827 834 888 vi
859 827 973 888 Maesta
1002 825 1119 906 paludi·
1186 855 1187 860 κ

52 955 146 1014 vagos
177 935 345 998 Germania
375 934 485 995 fleuit
514 934 664 1008 alumnos,
697 933 731 994 lll
765 930 887 1014 616118
912 933 994 1012 Tyrii
1020 983 1026 994 .
1051 981 1057 994 .

53 1049 83 1105 ut
105 1048 230 1104 tenuere
254 1041 393 1120 caespitis
416 1059 509 1116 oram,
541 1040 789 1102 Constituere
818 1041 944 1116 dom0s;
976 1041 1064 1102 dant
1089 1041 1119 1100 hi

53 1168 179 1228 quoque
202 1149 324 1227 templa.
1077 1211 1079 1214 .

140 1256 168 1333 c)
194 1255 342 1318 Praesens
380 1254 530 1321 actionem
569 1253 728 1332 significat,
767 1273 846 1332 quae
885 1273 921 1314 ex
961 1255 1121 1332 praeterito

52 1369 189 1442 tempore
229 1365 259 1422 in
300 1379 442 1440 praesens
480 1361 665 1424 extenditur:
706 1362 744 1422 IV
780 1358 903 1442 528120
935 1361 1018 1424 nulla
1051 1380 1120 1422 nam

53 1469 318 1548 vestigia'Prioris
353 1469 438 1530 urbis
472 1486 614 1546 asperum
650 1472 748 1529 servat
781 1468 891 1544 solum,
927 1469 967 1531 IV.
998 1466 1121 1549 345146

55 1593 187 1652 namque
227 1573 348 1634 Abilam
388 1579 498 1635 vocant
536 1573 623 1635 Gens
662 1574 860 1652 Punicorum,
908 1595 998 1638 mons
1037 1576 1121 1654 quod

53 1682 127 1742 altus
152 1680 284 1744 barbaro
308 1685 360 1740 est.

142 1787 176 1864 d)
203 1786 357 1847 Interdum
383 1804 509 1864 prasens
532 1792 561 1847 et
579 1787 745 1866 perfectum
763 1788 802 1849 ita
818 1789 896 1850 inter
911 1809 944 1851 se
960 1790 1121 1869 excipiunt,

55 1900 85 1954 ut
118 1894 280 1973 praeterito
314 1911 410 1966 causa,
451 1894 599 1972 praesenti
635 1895 824 1972 significetur
854 1901 993 1960 eventus:
1034 1898 1043 1957 1
1084 1899 1121 1960 10

58 2002 232 2062 Divisere
257 2001 369 2061 domos
387 2007 416 2060 et
434 1999 571 2078 pondera
596 2001 732 2079 partibus
754 2007 931 2080 aequant,
957 2003 1121 2083 11217123

57 2110 124 2170 Non
149 2107 242 2168 tulit
265 2106 462 2185 omnipotens
486 2153 492 2167 .
517 2154 522 2166 .
549 2155 555 2167 .
580 2109 718 2186 Moxque
741 2109 863 2170 trisulca
882 2109 955 2187 polo
980 2109 1124 2171 iaculatus

56 2215 183 2276 fulmina
208 2218 392 2292 repertorem
416 2213 545 2290 deicit,
572 2215 594 2275 ll
616 2211 738 2296 348140
759 2215 809 2278 Sic
833 2217 910 2278 iusta
934 2217 963 2276 in
989 2216 1124 2295 populos

59 2340 125 2384 mox
150 2321 280 2400 virginis
306 2322 485 2382 Exarsere
508 2320 578 2382 odia
602 2326 630 2382 et
659 2323 775 2383 caelum
806 2323 983 2401 pernicibus
1012 2323 1125 2384 intrat

59 2429 123 2490 diua
150 2428 217 2490 alis.

144 2537 173 2613 e)
202 2536 350 2595 futurum
386 2534 604 2613 probabilitatis
637 2553 727 2614 saepe
759 2536 902 2598 occurrit:
935 2537 1005 2598 V8
1031 2541 1127 2599 cetera

61 2641 226 2722 composita
261 2641 393 2702 fatorum
431 2641 497 2719 lege
532 2642 695 2717 trahentur,
732 2641 776 2706 lV
807 2645 869 2706 603
904 2648 932 2704 at
967 2662 1125 2722 nunquam

63 2749 87 2808 in
120 2749 199 2810 illud
232 2749 354 2809 animus
390 2748 590 2824 inclinabitur,
632 2749 667 2810 lll
702 2752 720 2810 5
757 2751 865 2812 Aoniis
904 2755 1009 2830 perget
1042 2751 1127 2812 stilus

64 2856 188 2934 impiger
212 2855 298 2930 orsis,
334 2855 370 2916 lll
396 2857 459 2916 413
486 2856 555 2916 Hoc
585 2856 655 2934 agili
687 2856 745 2918 sub
776 2862 875 2919 mente
899 2863 1012 2933 tenens,
1046 2858 1128 2918 uelut

65 2963 146 3024 obvia
179 2962 308 3024 habebis
333 2961 440 3023 Cetera
470 2966 625 3037 terrarum,
657 2963 680 3024 ll
706 2965 768 3025 205
795 2965 880 3026 lstius
904 2968 1039 3026 extremo
1069 2965 1127 3025 sub

64 3071 173 3145 vertice,
213 3069 328 3132 clarum
367 3087 474 3130 nosces
510 3069 721 3148 Ophiuchum,
757 3072 779 3132 ll
816 3068 938 3151 420136
975 3072 1034 3132 hau
1072 3071 1125 3132 tibi
1175 3059 1180 3070 ¹

66 3175 153 3254 signis
170 3175 383 3254 Perquirenda
406 3175 472 3237 aliis
492 3177 611 3255 pecoris
629 3177 715 3238 frons
731 3196 865 3256 aequore
883 3183 987 3256 surget
1002 3179 1128 3253 Oceani,

69 3279 228 3364 11451153
255 3299 312 3344 nec
336 3282 430 3342 multa
452 3287 562 3356 tamen,
587 3301 657 3343 cum
681 3283 797 3344 caelum
823 3283 938 3344 lumine
961 3287 1024 3346 toto
1045 3285 1130 3345 Luna

69 3391 161 3468 replet,
187 3439 194 3451 .
219 3439 225 3450 .
252 3438 259 3452 .
285 3389 434 3450 Occurret
456 3390 592 3467 genetrix
616 3389 713 3452 oculis
736 3389 961 3468 quaerentibus,
987 3391 1009 3452 ll
1028 3389 1133 3472 56416,

71 3495 136 3558 haut
166 3497 221 3558 tibi
254 3497 357 3575 magni
391 3495 475 3558 Cura
508 3496 621 3558 laboris
651 3497 705 3558 en't
738 3497 820 3558 caelo
853 3501 987 3575 spectare
1021 3515 1130 3558 sereno

72 3601 283 3684 Cornipedem.
309 3603 375 3664 ntia
388 3603 539 3682 exempla:
554 3604 577 3664 ll
592 3599 723 3684 660161,
738 3605 810 3678 848,
826 3605 917 3679 1364,
936 3599 1130 3684 170011802,

76 3709 158 3784 1078,
189 3712 280 3785 1310,
310 3711 402 3784 1773,
431 3711 514 3772 1807
538 3714 591 3772 etc.
922 3727 924 3732 ’

150 3817 174 3896 f)
202 3816 373 3878 Perfectum
398 3817 629 3878 consuetudinis
653 3817 820 3878 invenitur:
846 3817 954 3880 11030
980 3817 1134 3889 Quattuor

75 3924 161 3986 aerios
195 3942 291 3986 zonae
323 3924 445 3986 cinxere
479 3929 602 4000 meatus,
637 3925 659 3984 ll
689 3924 857 3986 tart-hic
880 3929 924 3987 est
946 3924 1025 4000 fons
1050 3923 1134 3985 unde

76 4031 98 4087 et
118 4031 244 4092 deduxit
266 4035 404 4110 tempora
427 4031 517 4093 lunae
541 4031 647 4093 navita.
675 4067 701 4074 κ
733 4031 920 4109 Plerumque
942 4035 1042 4096 autem
1062 4049 1136 4094 cum

78 4139 213 4210 praesenti
246 4137 457 4216 coniungitur:
496 4139 530 4199 lll
557 4134 691 4220 010120
713 4139 856 4217 ignorant
886 4137 981 4199 flavae
1014 4137 1135 4200 Cereris
