2868 4602
526 347 758 399 -31-·

72 516 131 601 lux
167 513 223 575 ibit
254 513 360 591 coepta
392 509 536 573 secundis
568 509 688 572 Tertius
720 515 772 571 aut
804 528 892 572 verso
928 527 998 571 cum
1034 507 1150 570 venerit

70 626 167 684 ortus
190 619 337 700 Olympo,
369 618 405 678 lll
434 613 571 697 1190191
600 621 652 678 aut
674 617 758 679 tectis
781 617 806 679 si
837 617 907 695 quis
936 615 1019 679 dolat
1046 633 1148 692 omos,

71 727 135 790 Vei
161 727 231 789 salis
250 727 281 786 in
298 725 410 787 fluctus
426 725 479 803 qui
497 725 640 787 cumbam
658 723 758 786 navita
778 725 857 799 texit,
881 723 933 786 etr.
953 725 975 784 ll
998 719 1149 804 talasio.

173 852 261 914 More
291 850 475 929 scriptorum
506 848 663 911 deterioris
697 849 846 910 latinitatis
879 849 964 913 „velt
998 867 1054 928 pro
1081 853 1146 913 „eu

71 960 187 1024 scribit
209 958 273 1038 (cir.
304 958 419 1038 pervig.
445 957 519 1020 Ven.
547 977 574 1018 v.
601 957 655 1034 53)
682 957 721 1018 lV
741 959 803 1018 275
824 961 853 1018 at
872 957 918 1018 vis
938 957 968 1018 in
990 956 1048 1018 illis
1071 960 1151 1017 tanta

72 1069 126 1131 vel
154 1071 270 1128 tantum
295 1065 397 1128 decus

173 1191 254 1254 Cum
284 1189 436 1252 Avienum
467 1189 590 1268 Vergilii
616 1188 737 1250 dicendi
762 1206 860 1268 genus
885 1188 1067 1250 imitandum
1092 1188 1150 1250 sibi

74 1298 284 1380 proposuisse
307 1301 431 1373 constet,
464 1314 527 1359 non
553 1297 664 1358 mirum
689 1301 740 1372 est,
765 1295 851 1374 quod
876 1295 1050 1358 obsoletum
1075 1294 1150 1380 illud

79 1410 168 1471 „astu
195 1422 285 1484 saepe
309 1405 467 1482 usurpavit
483 1403 534 1466 cir.
561 1405 674 1479 11503,
700 1405 763 1466 633
784 1408 845 1478 etc,
872 1403 1151 1479 111291,644616.

77 1514 121 1574 111
152 1513 221 1574 108.

175 1635 258 1699 idem
282 1636 451 1714 Vergilium
477 1639 599 1698 secutus
628 1636 805 1714 particulam
839 1640 904 1700 „atu
938 1636 1064 1715 scripsit,
1089 1654 1152 1698 non

77 1745 135 1807 ut'
155 1743 232 1805 duas
262 1761 311 1805 res
345 1743 422 1804 inter
454 1761 486 1804 se
519 1747 664 1822 opponat,
695 1742 749 1804 sed
779 1741 817 1803 ad
849 1742 1050 1805 narrationem
1080 1762 1153 1823 con-

75 1850 279 1913 tinuandam:
306 1851 419 1925 11435,
446 1853 518 1925 537,
544 1852 608 1912 626
633 1855 693 1926 616,
715 1851 750 1910 111
772 1852 822 1925 34,
843 1851 894 1925 65,
915 1853 987 1926 224,
1009 1853 1071 1912 239
1090 1857 1152 1925 etc„

82 1960 125 2021 111
156 1959 224 2033 198,
254 1960 314 2019 174
339 1962 391 2018 etc.

176 2084 256 2144 Tum
290 2084 356 2147 „atll
396 2081 541 2161 particula
571 2087 615 2144 est
642 2087 710 2144 ante
741 2083 968 2162 imperativum:
999 2084 1035 2144 lll
1071 2084 1153 2145 1392

80 2191 124 2254 m
147 2194 188 2265 tu,
214 2190 339 2252 Phoebe
363 2193 454 2268 pater,
478 2208 535 2252 vos
558 2208 699 2251 camenae
724 2189 876 2268 inspirate.

179 2307 339 2368 Poetarum
375 2325 460 2368 more
491 2307 627 2368 Avienus
660 2321 790 2370 „an-anu
819 2324 875 2384 pro
903 2311 1096 2369 „utrum-ant
1124 2306 1155 2366 in

81 2414 234 2475 indirecta
271 2413 479 2474 enuntiatione
517 2413 731 2492 interrogativa
769 2412 950 2474 disiunctiva
991 2413 1155 2492 usurpavit,

82 2521 141 2600 qui
167 2537 242 2581 usus
266 2520 324 2581 iam
350 2520 482 2596 Tibullo,
501 2520 645 2598 Vergilio,
663 2519 779 2582 Ouidio
796 2524 894 2594 notus,
917 2539 935 2580 a
955 2521 1156 2598 scriptoribus

85 2627 239 2690 latinitatis
261 2631 421 2706 argenteae
445 2632 584 2706 receptus
607 2635 659 2689 est.
707 2627 771 2704 (cfr.
793 2629 852 2688 Lat.
873 2627 978 2689 Grani.
996 2645 1057 2689 von
1074 2627 1156 2690 Stolz

85 2734 154 2796 und
179 2733 319 2796 Scbmalz
349 2751 377 2812 p.
409 2737 473 2796 362
502 2740 531 2796 61
560 2735 670 2813 Draeg.
719 2735 741 2795 ll
777 2751 804 2812 p.
830 2735 926 2812 489);
952 2735 974 2795 ll
1013 2731 1150 2815 1289l91

85 2846 196 2904 natura
218 2841 364 2920 ambigua
388 2860 489 2902 rerum
514 2841 629 2904 ratione
653 2841 781 2920 reliquit,
809 2841 945 2902 Extimus
963 2859 1001 2902 an
1021 2841 1165 2928 reliquos

83 2949 167 3012 aries
196 2948 378 3027 produceret
406 2953 489 3011 artus
514 2949 642 3011 Perseos
673 2965 711 3010 an
743 2952 830 3010 tauro
860 2949 934 3009 treta
959 2947 1082 3026 pelleret
1104 2931 1164 3008 adss

86 3060 243 3134 surgente.

182 3171 346 3252 „Quippet
364 3189 421 3250 pro
437 3187 547 3236 „namu
567 3173 689 3252 saepius
705 3172 846 3234 occurrit:
865 3173 890 3231 11
910 3173 982 3246 358,
1000 3173 1074 3246 468,
1092 3173 1157 3234 542

84 3283 151 3355 etc,
177 3279 213 3338 lli
243 3280 311 3353 159,
337 3281 409 3354 294,
436 3279 527 3354 1117,
554 3281 594 3341 29
623 3283 675 3341 616.

180 3395 300 3456 Morem
318 3394 478 3457 Ciceronis
494 3401 614 3462 secutus
632 3395 698 3473 (cfr.
718 3395 828 3472 Draeg.
847 3395 869 3454 ll
888 3412 916 3472 p.
938 3395 1009 3468 173)
1022 3393 1158 3455 Avienus

85 3501 184 3565 semel
211 3502 366 3581 „quippeu
394 3503 423 3563 in
449 3503 642 3582 appositione
665 3501 842 3582 explicativa
865 3504 1004 3578 usurpat:
1039 3501 1061 3560 ll
1093 3501 1157 3562 204

93 3609 181 3672 istius
205 3613 340 3673 extremo
369 3612 429 3674 sub
457 3612 574 3688 vertice,
607 3613 717 3674 vertice
747 3611 862 3690 quippe
891 3610 1007 3674 Sideris
1030 3609 1158 3670 inmisci.

182 3725 232 3787 Bis
255 3727 391 3788 Avienus
415 3728 560 3806 particula
587 3733 657 3792 „utu
684 3727 838 3802 adiectivis
859 3727 1002 3789 adiuncta
1018 3725 1160 3804 exprimit

86 3836 233 3894 eventum
258 3833 288 3894 in
306 3833 348 3895 rei
365 3833 462 3912 ipsius
479 3839 585 3897 natura
602 3837 744 3914 positum.
794 3835 872 3896 inest
887 3815 980 3913 igitur
995 3831 1158 3913 particulae

86 3940 137 4001 uis
156 3939 307 4018 quaedam
328 3941 469 4003 causalis:
495 3942 531 4002 lll
549 3944 608 4004 811
640 3944 758 4004 llarum
783 3937 853 4020 quis
877 3941 971 4003 valeat
995 3957 1160 4002 numerosa

87 4054 124 4108 ut
147 4047 275 4108 nomina
298 4047 377 4109 fari?
426 4049 464 4110 lV
492 4050 552 4111 194
577 4067 699 4127 semper
721 4053 812 4128 atque
835 4048 981 4110 sordibus
1002 4048 1045 4111 Ut
1059 4046 1159 4108 laecu-

88 4157 191 4218 lentos
213 4154 349 4232 gurgites
373 4156 556 4218 haerescere.
