2868 4602
739 259 914 313 „74-

287 419 372 484 stella
399 425 561 498 senescat,
592 423 616 484 ll
651 417 793 503 lisoius
823 422 848 485 si
878 425 1056 502 suspexeris,
1085 426 1111 488 si
1135 430 1233 509 carpit
1256 436 1320 495 etc„
1349 437 1373 496 ll

292 523 436 610 1820130
465 527 489 590 si
518 528 642 608 agmina
671 528 831 591 volucrum
856 529 1107 595 festinant...
1132 582 1139 596 .
1163 537 1218 597 sed
1243 539 1270 600 si
1300 545 1372 602 tum

287 633 480 715 producant
514 637 639 716 agmina
674 653 731 698 nec
759 636 879 716 trepido
911 643 1051 700 versent
1083 659 1221 704 convexa
1245 648 1371 725 volatu,

288 741 310 804 11
341 739 483 824 1848140
508 743 533 806 si
558 742 749 816 viderit..
774 791 780 805 .
806 791 813 805 .
845 743 891 806 vel
915 744 940 806 si
964 745 1125 824 implent,
1158 749 1181 810 ll
1210 752 1364 834 1460161

285 866 310 931 si
337 865 560 948 ingreditur.
585 915 592 931 .
617 916 624 930 .
648 915 655 930 .
680 867 704 930 si
730 869 913 949 protendat

377 1002 425 1066 De
449 1003 613 1066 enuntiatis
637 1003 866 1083 temporalibus.

374 1127 512 1192 Similem
533 1128 699 1192 modorum
724 1132 776 1191 aut
798 1133 972 1210 temporum
989 1131 1186 1194 variationem
1204 1135 1235 1195 in
1254 1154 1364 1199 enun-

283 1233 362 1297 tiatis
378 1236 600 1316 temporalibus
617 1235 805 1300 invenimus:
830 1237 852 1298 ll
875 1233 993 1318 170819
1012 1255 1082 1299 curn
1099 1238 1210 1302 bucula
1227 1244 1365 1307 naribus

282 1357 372 1404 auras
407 1341 605 1424 Concipit.
631 1392 637 1406 .
662 1392 669 1406 .
694 1392 700 1405 .
725 1362 794 1428 curn
831 1343 927 1406 solers
961 1343 1090 1406 formica
1113 1347 1294 1426 relinquet,
1336 1353 1362 1412 ll

288 1444 431 1530 1716120
456 1467 526 1512 cum
551 1450 649 1513 salum
676 1451 803 1532 repetit
823 1451 931 1528 Ardea,
955 1470 1025 1514 cum
1043 1471 1153 1532 parvae
1176 1455 1362 1535 deligunt

282 1553 399 1636 spicula
424 1574 555 1634 muscae,
589 1558 624 1619 Et
653 1557 678 1621 si
709 1563 920 1621 concrescant
943 1558 1040 1638 fungi,
1065 1559 1090 1622 si
1114 1561 1239 1623 emicet
1269 1563 1360 1642 ignis

281 1667 334 1726 aut
358 1661 433 1727 lucis
457 1663 624 1728 substantia
648 1665 812 1745 langueat.
860 1667 944 1744 (Hoc
974 1666 1042 1728 loco
1073 1667 1255 1748 intellegitur
1278 1691 1359 1734 con-

282 1769 453 1835 iunctiones
479 1788 588 1838 „cumt
616 1777 645 1835 et
671 1773 735 1838 „sir
762 1772 891 1836 eandem
915 1773 978 1836 fere
1001 1774 1063 1835 vim
1088 1775 1222 1855 babere).

372 1905 478 1984 Restat,
511 1911 544 1970 ul
573 1908 604 1970 in
636 1907 691 1971 hac
722 1908 760 1971 de
785 1907 887 1970 modis
911 1909 1103 1988 paragrapho
1125 1909 1165 1972 de
1188 1913 1356 1976 nonnullis

279 2013 550 2078 coniunctionibus
597 2033 692 2096 pauca
738 2015 895 2078 disseram.
965 2015 1209 2080 Coniunctiones
1256 2019 1356 2098 igitur

283 2119 496 2200 „sive-seur,
521 2140 602 2202 quos
625 2123 708 2204 apud
733 2124 867 2204 optimos
884 2124 1046 2203 scriptores
1062 2124 1243 2188 indicativus
1258 2129 1353 2207 sequi

278 2227 364 2305 solet,
382 2229 412 2290 in
429 2229 537 2292 Avieni
554 2230 741 2294 carminibus
757 2231 846 2294 etiam
864 2249 934 2293 curn
948 2231 1143 2293 coniunctivo
1156 2232 1353 2312 copulantur,

278 2336 342 2400 sive
366 2337 496 2418 scriptor
511 2339 690 2402 sententiam
708 2339 738 2400 in
756 2338 871 2401 incerto
888 2339 1060 2418 relinquere
1076 2340 1140 2401 sive
1157 2339 1350 2404 iterationem

277 2443 405 2506 actionis
429 2444 561 2508 indicare
585 2446 682 2510 voluit
706 2445 769 2525 (cfr.
798 2446 908 2526 Draeg.
934 2446 957 2507 ll
983 2465 1010 2526 p.
1041 2446 1127 2524 1471ε
1153 2445 1346 2527 111546147

278 2549 349 2614 Sive
373 2551 422 2615 ille
446 2552 590 2616 occiduas
614 2557 717 2634 vergat
740 2552 865 2616 declivis
891 2553 922 2615 in
947 2553 1046 2615 undas
1070 2552 1129 2616 Seu
1154 2571 1186 2614 se
1210 2553 1348 2618 luciferis

278 2658 454 2738 reparabilis
478 2664 578 2723 exerat
601 2659 672 2723 oris.
696 2678 760 2722 seu
786 2660 1000 2742 quod-'seu
1026 2659 1125 2740 quod
1157 2659 1193 2722 lll
1219 2659 1344 2744 210113

275 2765 371 2844 gemit
400 2766 505 2846 amplo
538 2784 697 2829 murmure
728 2771 851 2847 pontus
883 2767 942 2830 Seu
975 2767 1060 2846 quod
1091 2767 1212 2829 collisas
1239 2769 1346 2832 Thetis

277 2871 433 2952 indignata
457 2891 512 2952 per
535 2891 618 2936 arces
642 2873 760 2936 Saeviat
782 2874 922 2951 obiectis,
947 2892 1001 2936 seu
1026 2873 1111 2952 quod
1128 2873 1229 2936 brevis
1246 2875 1345 2939 exitus

275 2987 374 3052 undas
399 2991 512 3067 Exerat,
537 2995 565 3052 et
587 2989 694 3052 strictis
718 2995 830 3054 eructet
852 2991 993 3052 faucibus
1016 3008 1138 3069 aequor.

366 3123 574 3186 posteriorum
599 3125 782 3204 scriptorum
815 3123 1018 3204 inprimisque
1042 3123 1134 3185 Taciti
1158 3141 1249 3186 usum
1274 3124 1340 3188 imi-

275 3233 352 3292 tatus
380 3229 516 3295 idonect
544 3232 793 3295 coniunctionem
818 3236 935 3308 statum,
961 3249 1024 3293 non
1045 3231 1193 3292 actionem
1211 3236 1338 3310 praeter-

274 3343 398 3400 euntem
424 3338 647 3417 significantem
672 3358 742 3402 cum
767 3339 962 3403 coniunctivo
985 3338 1150 3416 praesentis
1166 3339 1335 3417 coniungit:

275 3444 339 3523 (cfr.
381 3445 492 3524 Draeg.
530 3447 552 3508 ll
589 3448 682 3524 013l:
722 3447 744 3509 ll
785 3442 926 3528 4981501
967 3446 1072 3524 strepit
1109 3446 1184 3508 baec
1218 3445 1335 3524 placido

273 3569 400 3615 susurro
427 3601 433 3615 .
459 3600 464 3612 .
490 3602 527 3616 ..
558 3555 703 3618 Ascraeas
734 3554 834 3616 donec
869 3554 990 3634 gurgite
1023 3553 1115 3616 valles
1145 3552 1280 3628 vivificet,
1313 3554 1334 3614 ll

272 3659 396 3742 872173
423 3661 481 3722 llis
504 3662 602 3741 signis
624 3663 715 3725 austri
741 3663 903 3741 raptabunt
925 3661 1022 3724 flabra
1045 3661 1204 3736 fluentum,
1230 3659 1335 3724 Donec

271 3767 311 3828 de
345 3767 456 3828 boreae
488 3768 613 3830 rutilum
646 3770 735 3830 iubar
767 3769 875 3831 emicet
903 3787 967 3845 axe,
1000 3769 1053 3830 cir.
1085 3768 1107 3828 ll
1134 3768 1206 3843 710,
1242 3768 1334 3845 1241,

276 3875 367 3944 1505,
393 3875 429 3936 lll
458 3872 599 3958 1042143
626 3877 662 3938 Et
685 3876 791 3955 procul
819 3876 1003 3954 Hesperium
1029 3878 1171 3960 curvatur
1194 3874 1280 3934 limes
1304 3875 1332 3937 in

269 3999 366 4057 axem,
400 3983 509 4044 Donec
537 3982 681 4061 piniferas
705 3982 787 4044 Casii
822 3986 966 4062 prorepat
987 3983 1026 4044 ad
1050 4001 1140 4059 arces
1172 3977 1331 4060 11130137

270 4088 497 4168 Terrarumque
520 4091 611 4150 trium
643 4090 755 4151 modus
784 4095 828 4151 est
858 4109 948 4166 mare,
984 4091 1084 4153 donec
1118 4092 1149 4152 in
1184 4089 1233 4152 alti
1270 4087 1332 4154 Ora
