<?xml version="1.0" encoding="UTF-8"?>
<!DOCTYPE html PUBLIC "-//W3C//DTD XHTML 1.0 Transitional//EN"
    "http://www.w3.org/TR/xhtml1/DTD/xhtml1-transitional.dtd">
<html xmlns="http://www.w3.org/1999/xhtml" xml:lang="en" lang="en">
 <head>
  <title>
</title>
<meta http-equiv="Content-Type" content="text/html;charset=utf-8" />
  <meta name='ocr-system' content='tesseract 3.04.00' />
  <meta name='ocr-capabilities' content='ocr_page ocr_carea ocr_par ocr_line ocrx_word'/>
</head>
<body>
  <div class='ocr_page' id='page_1' title='image "./deartegrammatic00kuehgoog_0033.png"; bbox 0 0 2868 4602; ppageno 0'>
   <div class='ocr_carea' id='block_1_1' title="bbox 725 249 900 302">
    <p class='ocr_par' dir='ltr' id='par_1_1' title="bbox 725 249 900 302">
     <span class='ocr_line' id='line_1_1' title="bbox 725 249 900 302; baseline 0 -16"><span class='ocrx_word' id='word_1_1' title='bbox 725 249 900 302; x_wconf 70' lang='lat' dir='ltr'>..pg-</span> 
     </span>
    </p>
   </div>
   <div class='ocr_carea' id='block_1_2' title="bbox 276 413 1368 2399">
    <p class='ocr_par' dir='ltr' id='par_1_2' title="bbox 277 413 1368 1131">
     <span class='ocr_line' id='line_1_2' title="bbox 369 413 1365 492; baseline -0.003 -16"><span class='ocrx_word' id='word_1_2' title='bbox 369 416 438 476; x_wconf 85' lang='lat' dir='ltr'>lloc</span> <span class='ocrx_word' id='word_1_3' title='bbox 479 414 548 476; x_wconf 92' lang='lat' dir='ltr'>loco</span> <span class='ocrx_word' id='word_1_4' title='bbox 588 413 767 475; x_wconf 90' lang='lat' dir='ltr'>addendum</span> <span class='ocrx_word' id='word_1_5' title='bbox 809 417 853 474; x_wconf 90' lang='lat' dir='ltr'>est</span> <span class='ocrx_word' id='word_1_6' title='bbox 887 413 1048 487; x_wconf 79' lang='lat' dir='ltr'>Avienum,</span> <span class='ocrx_word' id='word_1_7' title='bbox 1088 417 1206 492; x_wconf 84' lang='lat' dir='ltr'>poetam</span> <span class='ocrx_word' id='word_1_8' title='bbox 1248 413 1365 474; x_wconf 83' lang='lat' dir='ltr'>inflati</span> 
     </span>
     <span class='ocr_line' id='line_1_3' title="bbox 278 518 1368 600; baseline -0.002 -16"><span class='ocrx_word' id='word_1_9' title='bbox 278 522 399 600; x_wconf 86' lang='lat' dir='ltr'>generis</span> <span class='ocrx_word' id='word_1_10' title='bbox 422 521 544 584; x_wconf 89' lang='lat' dir='ltr'>dicendi</span> <span class='ocrx_word' id='word_1_11' title='bbox 570 520 812 600; x_wconf 89' lang='lat' dir='ltr'>cupidissimum,</span> <span class='ocrx_word' id='word_1_12' title='bbox 844 537 934 598; x_wconf 80' lang='lat' dir='ltr'>saepe</span> <span class='ocrx_word' id='word_1_13' title='bbox 958 519 989 580; x_wconf 93' lang='lat' dir='ltr'>in</span> <span class='ocrx_word' id='word_1_14' title='bbox 1013 518 1240 594; x_wconf 85' lang='lat' dir='ltr'>adverbiorum,</span> <span class='ocrx_word' id='word_1_15' title='bbox 1271 539 1368 598; x_wconf 92' lang='lat' dir='ltr'>quae</span> 
     </span>
     <span class='ocr_line' id='line_1_4' title="bbox 278 627 1367 706; baseline 0 -18"><span class='ocrx_word' id='word_1_16' title='bbox 278 629 334 690; x_wconf 92' lang='lat' dir='ltr'>loci</span> <span class='ocrx_word' id='word_1_17' title='bbox 367 627 412 688; x_wconf 92' lang='lat' dir='ltr'>vel</span> <span class='ocrx_word' id='word_1_18' title='bbox 443 628 588 706; x_wconf 90' lang='lat' dir='ltr'>temporis</span> <span class='ocrx_word' id='word_1_19' title='bbox 619 627 765 689; x_wconf 86' lang='lat' dir='ltr'>rationem</span> <span class='ocrx_word' id='word_1_20' title='bbox 796 627 978 706; x_wconf 88' lang='lat' dir='ltr'>exprimunt,</span> <span class='ocrx_word' id='word_1_21' title='bbox 1010 627 1222 706; x_wconf 87' lang='lat' dir='ltr'>pleonasmum</span> <span class='ocrx_word' id='word_1_22' title='bbox 1255 627 1367 689; x_wconf 90' lang='lat' dir='ltr'>inele-</span> 
     </span>
     <span class='ocr_line' id='line_1_5' title="bbox 277 732 1363 813; baseline -0.001 -18"><span class='ocrx_word' id='word_1_23' title='bbox 277 739 398 812; x_wconf 87' lang='lat' dir='ltr'>gantem</span> <span class='ocrx_word' id='word_1_24' title='bbox 424 733 574 796; x_wconf 85' lang='lat' dir='ltr'>incidisse.</span> <span class='ocrx_word' id='word_1_25' title='bbox 621 733 725 796; x_wconf 88' lang='lat' dir='ltr'>Velut:</span> <span class='ocrx_word' id='word_1_26' title='bbox 750 732 857 812; x_wconf 89' lang='lat' dir='ltr'>procul</span> <span class='ocrx_word' id='word_1_27' title='bbox 882 733 937 795; x_wconf 91' lang='lat' dir='ltr'>late</span> <span class='ocrx_word' id='word_1_28' title='bbox 959 733 1066 812; x_wconf 82' lang='lat' dir='ltr'><strong>flagrat</strong></span> <span class='ocrx_word' id='word_1_29' title='bbox 1084 735 1105 794; x_wconf 98' lang='lat' dir='ltr'>ll</span> <span class='ocrx_word' id='word_1_30' title='bbox 1129 735 1218 809; x_wconf 83' lang='lat' dir='ltr'>loon,</span> <span class='ocrx_word' id='word_1_31' title='bbox 1237 736 1363 813; x_wconf 90' lang='lat' dir='ltr'>procul</span> 
     </span>
     <span class='ocr_line' id='line_1_6' title="bbox 278 841 1361 919; baseline 0 -17"><span class='ocrx_word' id='word_1_32' title='bbox 278 842 335 902; x_wconf 91' lang='lat' dir='ltr'>lale</span> <span class='ocrx_word' id='word_1_33' title='bbox 359 842 419 902; x_wconf 92' lang='lat' dir='ltr'>ruit</span> <span class='ocrx_word' id='word_1_34' title='bbox 444 843 478 902; x_wconf 96' lang='lat' dir='ltr'>lll</span> <span class='ocrx_word' id='word_1_35' title='bbox 504 843 577 916; x_wconf 83' lang='grc'><strong>020,</strong></span> <span class='ocrx_word' id='word_1_36' title='bbox 609 841 742 919; x_wconf 86' lang='lat' dir='ltr'>indeque</span> <span class='ocrx_word' id='word_1_37' title='bbox 773 857 894 902; x_wconf 87' lang='lat' dir='ltr'>rursum</span> <span class='ocrx_word' id='word_1_38' title='bbox 921 841 956 901; x_wconf 97' lang='lat' dir='ltr'>lll</span> <span class='ocrx_word' id='word_1_39' title='bbox 982 842 1056 916; x_wconf 80' lang='grc'><strong>444,</strong></span> <span class='ocrx_word' id='word_1_40' title='bbox 1087 841 1136 902; x_wconf 92' lang='lat' dir='ltr'>hic</span> <span class='ocrx_word' id='word_1_41' title='bbox 1159 859 1289 902; x_wconf 90' lang='lat' dir='ltr'>rursum</span> <span class='ocrx_word' id='word_1_42' title='bbox 1320 843 1361 902; x_wconf 94' lang='lat' dir='ltr'>lll</span> 
     </span>
     <span class='ocr_line' id='line_1_7' title="bbox 279 945 1361 1025; baseline 0 -17"><span class='ocrx_word' id='word_1_43' title='bbox 279 949 351 1022; x_wconf 85' lang='grc'><strong>472,</strong></span> <span class='ocrx_word' id='word_1_44' title='bbox 376 947 467 1008; x_wconf 89' lang='lat' dir='ltr'>simul</span> <span class='ocrx_word' id='word_1_45' title='bbox 486 965 557 1008; x_wconf 88' lang='lat' dir='ltr'>mov</span> <span class='ocrx_word' id='word_1_46' title='bbox 583 947 618 1006; x_wconf 96' lang='lat' dir='ltr'>lll</span> <span class='ocrx_word' id='word_1_47' title='bbox 638 947 711 1022; x_wconf 80' lang='grc'><strong>703,</strong></span> <span class='ocrx_word' id='word_1_48' title='bbox 736 945 808 1008; x_wconf 90' lang='lat' dir='ltr'>inde</span> <span class='ocrx_word' id='word_1_49' title='bbox 825 947 959 1025; x_wconf 90' lang='lat' dir='ltr'>denique</span> <span class='ocrx_word' id='word_1_50' title='bbox 985 947 1023 1008; x_wconf 87' lang='lat' dir='ltr'>lV</span> <span class='ocrx_word' id='word_1_51' title='bbox 1040 949 1113 1022; x_wconf 86' lang='lat'>552,</span> <span class='ocrx_word' id='word_1_52' title='bbox 1131 947 1204 1008; x_wconf 88' lang='lat' dir='ltr'>hinc</span> <span class='ocrx_word' id='word_1_53' title='bbox 1222 966 1361 1010; x_wconf 84' lang='lat' dir='ltr'>rursum</span> 
     </span>
     <span class='ocr_line' id='line_1_8' title="bbox 280 1054 581 1131; baseline 0 -17"><span class='ocrx_word' id='word_1_54' title='bbox 280 1055 315 1114; x_wconf 98' lang='lat' dir='ltr'>lll</span> <span class='ocrx_word' id='word_1_55' title='bbox 347 1057 428 1116; x_wconf 88' lang='grc'><strong>1448</strong></span> <span class='ocrx_word' id='word_1_56' title='bbox 454 1054 581 1131; x_wconf 87' lang='lat' dir='ltr'>aliaque.</span> 
     </span>
    </p>

    <p class='ocr_par' dir='ltr' id='par_1_3' title="bbox 276 1160 1361 1758">
     <span class='ocr_line' id='line_1_9' title="bbox 370 1160 1360 1240; baseline -0.001 -18"><span class='ocrx_word' id='word_1_57' title='bbox 370 1160 486 1222; x_wconf 84' lang='lat' dir='ltr'>Eodem</span> <span class='ocrx_word' id='word_1_58' title='bbox 512 1161 615 1235; x_wconf 90' lang='lat' dir='ltr'>mod0,</span> <span class='ocrx_word' id='word_1_59' title='bbox 641 1179 705 1238; x_wconf 95' lang='lat' dir='ltr'>quo</span> <span class='ocrx_word' id='word_1_60' title='bbox 726 1160 860 1222; x_wconf 80' lang='lat' dir='ltr'>Avienus</span> <span class='ocrx_word' id='word_1_61' title='bbox 884 1160 1054 1222; x_wconf 87' lang='lat' dir='ltr'>subiectum</span> <span class='ocrx_word' id='word_1_62' title='bbox 1080 1160 1190 1240; x_wconf 90' lang='lat' dir='ltr'>prioris</span> <span class='ocrx_word' id='word_1_63' title='bbox 1215 1162 1360 1222; x_wconf 86' lang='lat' dir='ltr'>membri</span> 
     </span>
     <span class='ocr_line' id='line_1_10' title="bbox 278 1267 1360 1346; baseline -0.001 -17"><span class='ocrx_word' id='word_1_64' title='bbox 278 1267 441 1329; x_wconf 88' lang='lat' dir='ltr'>sententiae</span> <span class='ocrx_word' id='word_1_65' title='bbox 467 1267 706 1346; x_wconf 81' lang='lat' dir='ltr'>pronominibus</span> <span class='ocrx_word' id='word_1_66' title='bbox 733 1267 854 1331; x_wconf 77' lang='lat' dir='ltr'>„idemu</span> <span class='ocrx_word' id='word_1_67' title='bbox 881 1267 928 1328; x_wconf 89' lang='lat' dir='ltr'>vel</span> <span class='ocrx_word' id='word_1_68' title='bbox 956 1267 1019 1331; x_wconf 65' lang='lat' dir='ltr'>„ise</span> <span class='ocrx_word' id='word_1_69' title='bbox 1038 1267 1084 1328; x_wconf 89' lang='lat' dir='ltr'>vel</span> <span class='ocrx_word' id='word_1_70' title='bbox 1106 1267 1208 1346; x_wconf 71' lang='lat' dir='ltr'>„ipsev</span> <span class='ocrx_word' id='word_1_71' title='bbox 1233 1268 1360 1346; x_wconf 80' lang='lat' dir='ltr'>recipit,</span> 
     </span>
     <span class='ocr_line' id='line_1_11' title="bbox 280 1373 1361 1452; baseline 0.001 -17"><span class='ocrx_word' id='word_1_72' title='bbox 280 1374 434 1435; x_wconf 86' lang='lat' dir='ltr'>adverbiis</span> <span class='ocrx_word' id='word_1_73' title='bbox 461 1375 560 1438; x_wconf 71' lang='lat' dir='ltr'>„illict</span> <span class='ocrx_word' id='word_1_74' title='bbox 587 1379 615 1436; x_wconf 89' lang='lat' dir='ltr'>el</span> <span class='ocrx_word' id='word_1_75' title='bbox 639 1374 680 1435; x_wconf 91' lang='lat' dir='ltr'>ibi</span> <span class='ocrx_word' id='word_1_76' title='bbox 705 1373 743 1436; x_wconf 92' lang='lat' dir='ltr'>ad</span> <span class='ocrx_word' id='word_1_77' title='bbox 768 1373 933 1436; x_wconf 82' lang='lat' dir='ltr'>ablativum</span> <span class='ocrx_word' id='word_1_78' title='bbox 962 1389 1059 1452; x_wconf 73' lang='lat' dir='ltr'>„quau</span> <span class='ocrx_word' id='word_1_79' title='bbox 1087 1374 1194 1452; x_wconf 84' lang='lat' dir='ltr'>(parte)</span> <span class='ocrx_word' id='word_1_80' title='bbox 1213 1374 1361 1452; x_wconf 85' lang='lat' dir='ltr'>legentes</span> 
     </span>
     <span class='ocr_line' id='line_1_12' title="bbox 279 1480 1359 1560; baseline 0 -18"><span class='ocrx_word' id='word_1_81' title='bbox 279 1483 403 1560; x_wconf 89' lang='lat' dir='ltr'>relegat:</span> <span class='ocrx_word' id='word_1_82' title='bbox 439 1481 567 1542; x_wconf 87' lang='grc'><strong>111477</strong></span> <span class='ocrx_word' id='word_1_83' title='bbox 602 1501 663 1560; x_wconf 92' lang='lat' dir='ltr'>qua</span> <span class='ocrx_word' id='word_1_84' title='bbox 694 1481 802 1560; x_wconf 87' lang='lat' dir='ltr'>glaeba</span> <span class='ocrx_word' id='word_1_85' title='bbox 835 1481 991 1556; x_wconf 88' lang='lat' dir='ltr'>recumbit,</span> <span class='ocrx_word' id='word_1_86' title='bbox 1027 1485 1121 1542; x_wconf 91' lang='lat' dir='ltr'>tumet</span> <span class='ocrx_word' id='word_1_87' title='bbox 1156 1480 1217 1541; x_wconf 88' lang='lat' dir='ltr'>illic</span> <span class='ocrx_word' id='word_1_88' title='bbox 1250 1481 1359 1542; x_wconf 89' lang='lat' dir='ltr'>ardua</span> 
     </span>
     <span class='ocr_line' id='line_1_13' title="bbox 278 1585 1359 1670; baseline -0.002 -20"><span class='ocrx_word' id='word_1_89' title='bbox 278 1588 382 1667; x_wconf 87' lang='lat' dir='ltr'>Calpe,</span> <span class='ocrx_word' id='word_1_90' title='bbox 418 1589 452 1648; x_wconf 94' lang='lat' dir='ltr'>lll</span> <span class='ocrx_word' id='word_1_91' title='bbox 484 1585 626 1666; x_wconf 75' lang='lat' dir='ltr'>lOllll2</span> <span class='ocrx_word' id='word_1_92' title='bbox 656 1587 728 1660; x_wconf 88' lang='lat' dir='ltr'>Qua</span> <span class='ocrx_word' id='word_1_93' title='bbox 756 1606 788 1650; x_wconf 90' lang='lat' dir='ltr'>se</span> <span class='ocrx_word' id='word_1_94' title='bbox 811 1588 950 1648; x_wconf 81' lang='lat' dir='ltr'>Xanthus</span> <span class='ocrx_word' id='word_1_95' title='bbox 981 1587 1049 1666; x_wconf 87' lang='lat' dir='ltr'>agit,</span> <span class='ocrx_word' id='word_1_96' title='bbox 1084 1638 1089 1649; x_wconf 95' lang='lat'>.</span> <span class='ocrx_word' id='word_1_97' title='bbox 1115 1635 1120 1648; x_wconf 95' lang='lat'>.</span> <span class='ocrx_word' id='word_1_98' title='bbox 1146 1635 1183 1648; x_wconf 90' lang='lat'>..</span> <span class='ocrx_word' id='word_1_99' title='bbox 1216 1595 1359 1670; x_wconf 82' lang='lat' dir='ltr'>surgunt</span> 
     </span>
     <span class='ocr_line' id='line_1_14' title="bbox 276 1695 604 1758; baseline 0.006 -3"><span class='ocrx_word' id='word_1_100' title='bbox 276 1695 321 1756; x_wconf 89' lang='lat' dir='ltr'>ibi</span> <span class='ocrx_word' id='word_1_101' title='bbox 347 1695 480 1756; x_wconf 86' lang='lat' dir='ltr'>culmina</span> <span class='ocrx_word' id='word_1_102' title='bbox 504 1696 604 1758; x_wconf 87' lang='lat' dir='ltr'>Tauri.</span> 
     </span>
    </p>

    <p class='ocr_par' dir='ltr' id='par_1_4' title="bbox 281 1801 1356 2094">
     <span class='ocr_line' id='line_1_15' title="bbox 371 1801 1356 1881; baseline 0 -18"><span class='ocrx_word' id='word_1_103' title='bbox 371 1803 441 1863; x_wconf 80' lang='lat' dir='ltr'>ilice</span> <span class='ocrx_word' id='word_1_104' title='bbox 459 1802 678 1881; x_wconf 82' lang='lat' dir='ltr'>pronominum</span> <span class='ocrx_word' id='word_1_105' title='bbox 697 1803 868 1880; x_wconf 86' lang='lat' dir='ltr'>funguntur</span> <span class='ocrx_word' id='word_1_106' title='bbox 879 1801 1023 1864; x_wconf 89' lang='lat' dir='ltr'>adverbia</span> <span class='ocrx_word' id='word_1_107' title='bbox 1039 1801 1149 1865; x_wconf 75' lang='lat' dir='ltr'>„indeu</span> <span class='ocrx_word' id='word_1_108' title='bbox 1165 1805 1193 1862; x_wconf 87' lang='lat' dir='ltr'>et</span> <span class='ocrx_word' id='word_1_109' title='bbox 1208 1801 1356 1865; x_wconf 77' lang='lat' dir='ltr'>‚,unde“:</span> 
     </span>
     <span class='ocr_line' id='line_1_16' title="bbox 282 1906 1355 1989; baseline 0.002 -21"><span class='ocrx_word' id='word_1_110' title='bbox 282 1911 290 1968; x_wconf 95' lang='lat' dir='ltr'>l</span> <span class='ocrx_word' id='word_1_111' title='bbox 318 1912 336 1970; x_wconf 92' lang='grc'><strong>4</strong></span> <span class='ocrx_word' id='word_1_112' title='bbox 361 1908 476 1986; x_wconf 89' lang='lat' dir='ltr'>aliquid</span> <span class='ocrx_word' id='word_1_113' title='bbox 502 1908 574 1970; x_wconf 90' lang='lat' dir='ltr'>inde</span> <span class='ocrx_word' id='word_1_114' title='bbox 598 1908 647 1989; x_wconf 88' lang='lat' dir='ltr'>(ev</span> <span class='ocrx_word' id='word_1_115' title='bbox 665 1909 707 1970; x_wconf 87' lang='lat' dir='ltr'>eis</span> <span class='ocrx_word' id='word_1_116' title='bbox 725 1906 823 1989; x_wconf 88' lang='lat' dir='ltr'>malis)</span> <span class='ocrx_word' id='word_1_117' title='bbox 849 1909 970 1982; x_wconf 88' lang='lat' dir='ltr'>relaxes,</span> <span class='ocrx_word' id='word_1_118' title='bbox 996 1909 1005 1968; x_wconf 98' lang='lat' dir='ltr'>l</span> <span class='ocrx_word' id='word_1_119' title='bbox 1035 1911 1072 1970; x_wconf 89' lang='lat'>17</span> <span class='ocrx_word' id='word_1_120' title='bbox 1092 1907 1185 1972; x_wconf 91' lang='lat' dir='ltr'>Unde</span> <span class='ocrx_word' id='word_1_121' title='bbox 1208 1909 1355 1987; x_wconf 83' lang='lat' dir='ltr'>(quibus)</span> 
     </span>
     <span class='ocr_line' id='line_1_17' title="bbox 281 2015 975 2094; baseline 0 -18"><span class='ocrx_word' id='word_1_122' title='bbox 281 2017 375 2094; x_wconf 87' lang='lat' dir='ltr'>ligant</span> <span class='ocrx_word' id='word_1_123' title='bbox 398 2020 518 2077; x_wconf 89' lang='lat' dir='ltr'>teneros</span> <span class='ocrx_word' id='word_1_124' title='bbox 542 2015 681 2076; x_wconf 89' lang='lat' dir='ltr'>examina</span> <span class='ocrx_word' id='word_1_125' title='bbox 704 2015 846 2077; x_wconf 85' lang='lat' dir='ltr'>flammea</span> <span class='ocrx_word' id='word_1_126' title='bbox 869 2034 975 2078; x_wconf 80' lang='lat' dir='ltr'>casses</span> 
     </span>
    </p>

    <p class='ocr_par' dir='ltr' id='par_1_5' title="bbox 282 2122 1354 2308">
     <span class='ocr_line' id='line_1_18' title="bbox 374 2122 1354 2202; baseline -0.001 -17"><span class='ocrx_word' id='word_1_127' title='bbox 374 2123 464 2185; x_wconf 67' lang='lat' dir='ltr'>illuc</span> <span class='ocrx_word' id='word_1_128' title='bbox 493 2127 522 2184; x_wconf 90' lang='lat' dir='ltr'>et</span> <span class='ocrx_word' id='word_1_129' title='bbox 552 2123 629 2184; x_wconf 71' lang='lat' dir='ltr'>huet</span> <span class='ocrx_word' id='word_1_130' title='bbox 664 2123 796 2201; x_wconf 93' lang='lat' dir='ltr'>positum</span> <span class='ocrx_word' id='word_1_131' title='bbox 827 2127 870 2184; x_wconf 90' lang='lat' dir='ltr'>est</span> <span class='ocrx_word' id='word_1_132' title='bbox 899 2141 955 2202; x_wconf 93' lang='lat' dir='ltr'>pro</span> <span class='ocrx_word' id='word_1_133' title='bbox 983 2122 1182 2185; x_wconf 70' lang='lat' dir='ltr'>„huc-illum:</span> <span class='ocrx_word' id='word_1_134' title='bbox 1220 2123 1258 2184; x_wconf 91' lang='lat' dir='ltr'>lV</span> <span class='ocrx_word' id='word_1_135' title='bbox 1289 2126 1354 2184; x_wconf 93' lang='grc'>127</span> 
     </span>
     <span class='ocr_line' id='line_1_19' title="bbox 282 2229 950 2308; baseline -0.001 -17"><span class='ocrx_word' id='word_1_136' title='bbox 282 2229 369 2291; x_wconf 87' lang='lat' dir='ltr'>obire</span> <span class='ocrx_word' id='word_1_137' title='bbox 393 2247 514 2308; x_wconf 84' lang='lat' dir='ltr'>semper</span> <span class='ocrx_word' id='word_1_138' title='bbox 538 2229 598 2291; x_wconf 86' lang='lat' dir='ltr'>huc</span> <span class='ocrx_word' id='word_1_139' title='bbox 621 2235 649 2290; x_wconf 93' lang='lat' dir='ltr'>et</span> <span class='ocrx_word' id='word_1_140' title='bbox 673 2229 733 2290; x_wconf 89' lang='lat' dir='ltr'>huc</span> <span class='ocrx_word' id='word_1_141' title='bbox 757 2229 840 2308; x_wconf 91' lang='lat' dir='ltr'>ponti</span> <span class='ocrx_word' id='word_1_142' title='bbox 865 2229 950 2290; x_wconf 87' lang='lat' dir='ltr'>teras.</span> 
     </span>
    </p>

    <p class='ocr_par' dir='ltr' id='par_1_6' title="bbox 372 2335 1350 2399">
     <span class='ocr_line' id='line_1_20' title="bbox 372 2335 1350 2399; baseline 0 -1"><span class='ocrx_word' id='word_1_143' title='bbox 372 2336 531 2398; x_wconf 92' lang='lat' dir='ltr'>Orationis</span> <span class='ocrx_word' id='word_1_144' title='bbox 560 2337 721 2398; x_wconf 90' lang='lat' dir='ltr'>variandae</span> <span class='ocrx_word' id='word_1_145' title='bbox 751 2337 814 2398; x_wconf 89' lang='lat' dir='ltr'>slve</span> <span class='ocrx_word' id='word_1_146' title='bbox 845 2337 929 2398; x_wconf 89' lang='lat' dir='ltr'>metri</span> <span class='ocrx_word' id='word_1_147' title='bbox 962 2354 1051 2398; x_wconf 90' lang='lat' dir='ltr'>causa</span> <span class='ocrx_word' id='word_1_148' title='bbox 1079 2335 1175 2399; x_wconf 60' lang='grc' dir='ltr'>1111111Ι</span> <span class='ocrx_word' id='word_1_149' title='bbox 1203 2340 1231 2396; x_wconf 86' lang='lat' dir='ltr'>el</span> <span class='ocrx_word' id='word_1_150' title='bbox 1257 2336 1350 2398; x_wconf 78' lang='lat' dir='ltr'>„hicss</span> 
     </span>
    </p>
   </div>
   <div class='ocr_carea' id='block_1_3' title="bbox 281 2440 1356 2718">
    <p class='ocr_par' dir='ltr' id='par_1_7' title="bbox 281 2440 1356 2718">
     <span class='ocr_line' id='line_1_21' title="bbox 283 2440 1356 2522; baseline 0 -18"><span class='ocrx_word' id='word_1_151' title='bbox 283 2442 458 2521; x_wconf 86' lang='lat' dir='ltr'>promiscue</span> <span class='ocrx_word' id='word_1_152' title='bbox 492 2447 690 2522; x_wconf 86' lang='lat' dir='ltr'>usurpantur:</span> <span class='ocrx_word' id='word_1_153' title='bbox 728 2444 764 2504; x_wconf 97' lang='lat' dir='ltr'>lll</span> <span class='ocrx_word' id='word_1_154' title='bbox 791 2440 913 2522; x_wconf 73' lang='lat' dir='ltr'>aeolus</span> <span class='ocrx_word' id='word_1_155' title='bbox 947 2441 1008 2504; x_wconf 91' lang='lat' dir='ltr'>illic</span> <span class='ocrx_word' id='word_1_156' title='bbox 1037 2442 1167 2504; x_wconf 87' lang='lat' dir='ltr'>instabili</span> <span class='ocrx_word' id='word_1_157' title='bbox 1196 2442 1277 2502; x_wconf 85' lang='lat' dir='ltr'>lama</span> <span class='ocrx_word' id='word_1_158' title='bbox 1307 2449 1356 2504; x_wconf 87' lang='lat' dir='ltr'>est</span> 
     </span>
     <span class='ocr_line' id='line_1_22' title="bbox 282 2549 1353 2628; baseline 0.003 -19"><span class='ocrx_word' id='word_1_159' title='bbox 282 2550 343 2610; x_wconf 90' lang='lat' dir='ltr'>sale</span> <span class='ocrx_word' id='word_1_160' title='bbox 375 2568 445 2610; x_wconf 87' lang='lat' dir='ltr'>sava</span> <span class='ocrx_word' id='word_1_161' title='bbox 479 2551 604 2624; x_wconf 91' lang='lat' dir='ltr'>moveri,</span> <span class='ocrx_word' id='word_1_162' title='bbox 641 2551 700 2611; x_wconf 84' lang='lat' dir='ltr'>llic</span> <span class='ocrx_word' id='word_1_163' title='bbox 729 2550 842 2628; x_wconf 88' lang='lat' dir='ltr'>rigidas</span> <span class='ocrx_word' id='word_1_164' title='bbox 872 2568 970 2611; x_wconf 89' lang='lat' dir='ltr'>errare</span> <span class='ocrx_word' id='word_1_165' title='bbox 994 2549 1095 2611; x_wconf 89' lang='lat' dir='ltr'>terunt</span> <span class='ocrx_word' id='word_1_166' title='bbox 1119 2569 1172 2628; x_wconf 92' lang='lat' dir='ltr'>per</span> <span class='ocrx_word' id='word_1_167' title='bbox 1196 2568 1353 2612; x_wconf 89' lang='lat' dir='ltr'>marmora</span> 
     </span>
     <span class='ocr_line' id='line_1_23' title="bbox 281 2662 390 2718; baseline 0 0"><span class='ocrx_word' id='word_1_168' title='bbox 281 2662 390 2718; x_wconf 89' lang='lat' dir='ltr'>cautes.</span> 
     </span>
    </p>
   </div>
   <div class='ocr_carea' id='block_1_4' title="bbox 282 2764 1352 4126">
    <p class='ocr_par' dir='ltr' id='par_1_8' title="bbox 289 2764 1352 2950">
     <span class='ocr_line' id='line_1_24' title="bbox 373 2764 1352 2845; baseline 0.006 -19"><span class='ocrx_word' id='word_1_169' title='bbox 373 2764 495 2827; x_wconf 80' lang='lat' dir='ltr'>Eisdem</span> <span class='ocrx_word' id='word_1_170' title='bbox 513 2764 551 2826; x_wconf 91' lang='lat' dir='ltr'>de</span> <span class='ocrx_word' id='word_1_171' title='bbox 567 2765 665 2826; x_wconf 88' lang='lat' dir='ltr'>causis</span> <span class='ocrx_word' id='word_1_172' title='bbox 692 2766 779 2830; x_wconf 77' lang='lat' dir='ltr'>„hicu</span> <span class='ocrx_word' id='word_1_173' title='bbox 807 2772 834 2827; x_wconf 90' lang='lat' dir='ltr'>et</span> <span class='ocrx_word' id='word_1_174' title='bbox 859 2766 939 2830; x_wconf 71' lang='lat' dir='ltr'>„ibiu</span> <span class='ocrx_word' id='word_1_175' title='bbox 965 2767 1139 2845; x_wconf 90' lang='lat' dir='ltr'>promiscue</span> <span class='ocrx_word' id='word_1_176' title='bbox 1160 2767 1352 2833; x_wconf 86' lang='lat' dir='ltr'>scribuntur:</span> 
     </span>
     <span class='ocr_line' id='line_1_25' title="bbox 289 2872 1256 2950; baseline 0.001 -18"><span class='ocrx_word' id='word_1_177' title='bbox 289 2874 323 2933; x_wconf 96' lang='lat' dir='ltr'>lll</span> <span class='ocrx_word' id='word_1_178' title='bbox 350 2875 413 2934; x_wconf 91' lang='grc'><strong>470</strong></span> <span class='ocrx_word' id='word_1_179' title='bbox 440 2872 499 2932; x_wconf 84' lang='grc' dir='ltr'>Η11</span> <span class='ocrx_word' id='word_1_180' title='bbox 524 2873 682 2950; x_wconf 83' lang='lat' dir='ltr'>Hispanus</span> <span class='ocrx_word' id='word_1_181' title='bbox 705 2891 784 2950; x_wconf 85' lang='lat' dir='ltr'>ager,</span> <span class='ocrx_word' id='word_1_182' title='bbox 809 2873 897 2934; x_wconf 88' lang='lat' dir='ltr'>tellus</span> <span class='ocrx_word' id='word_1_183' title='bbox 922 2873 963 2934; x_wconf 89' lang='lat' dir='ltr'>ibi</span> <span class='ocrx_word' id='word_1_184' title='bbox 988 2872 1073 2934; x_wconf 87' lang='lat' dir='ltr'>dives</span> <span class='ocrx_word' id='word_1_185' title='bbox 1098 2874 1256 2934; x_wconf 83' lang='lat' dir='ltr'>Hiberum.</span> 
     </span>
    </p>

    <p class='ocr_par' dir='ltr' id='par_1_9' title="bbox 284 2979 1351 3148">
     <span class='ocr_line' id='line_1_26' title="bbox 375 2979 1351 3057; baseline 0.001 -15"><span class='ocrx_word' id='word_1_186' title='bbox 375 2979 495 3042; x_wconf 67' lang='lat' dir='ltr'>allinct</span> <span class='ocrx_word' id='word_1_187' title='bbox 522 2997 643 3040; x_wconf 89' lang='lat' dir='ltr'>causam</span> <span class='ocrx_word' id='word_1_188' title='bbox 668 2980 832 3057; x_wconf 86' lang='lat' dir='ltr'>significat:</span> <span class='ocrx_word' id='word_1_189' title='bbox 870 2981 908 3041; x_wconf 88' lang='lat' dir='ltr'>lV</span> <span class='ocrx_word' id='word_1_190' title='bbox 931 2982 994 3041; x_wconf 90' lang='grc'><strong>405</strong></span> <span class='ocrx_word' id='word_1_191' title='bbox 1025 2980 1123 3041; x_wconf 89' lang='lat' dir='ltr'>insula</span> <span class='ocrx_word' id='word_1_192' title='bbox 1155 2981 1247 3041; x_wconf 83' lang='lat' dir='ltr'>Ferax</span> <span class='ocrx_word' id='word_1_193' title='bbox 1275 2981 1351 3044; x_wconf 93' lang='lat' dir='ltr'>olivi</span> 
     </span>
     <span class='ocr_line' id='line_1_27' title="bbox 284 3086 1029 3148; baseline 0.004 -2"><span class='ocrx_word' id='word_1_194' title='bbox 284 3091 311 3146; x_wconf 86' lang='lat' dir='ltr'>et</span> <span class='ocrx_word' id='word_1_195' title='bbox 336 3086 407 3147; x_wconf 90' lang='lat' dir='ltr'>hinc</span> <span class='ocrx_word' id='word_1_196' title='bbox 430 3086 586 3147; x_wconf 88' lang='lat' dir='ltr'>lllinervae</span> <span class='ocrx_word' id='word_1_197' title='bbox 610 3091 665 3148; x_wconf 89' lang='lat' dir='ltr'>stat</span> <span class='ocrx_word' id='word_1_198' title='bbox 687 3105 778 3148; x_wconf 86' lang='lat' dir='ltr'>sacra</span> <span class='ocrx_word' id='word_1_199' title='bbox 1027 3095 1029 3099; x_wconf 81' lang='grc'>’</span> 
     </span>
    </p>

    <p class='ocr_par' dir='ltr' id='par_1_10' title="bbox 282 3193 1350 3466">
     <span class='ocr_line' id='line_1_28' title="bbox 372 3193 1350 3257; baseline 0 -3"><span class='ocrx_word' id='word_1_200' title='bbox 372 3193 572 3254; x_wconf 88' lang='lat' dir='ltr'>Comicorum</span> <span class='ocrx_word' id='word_1_201' title='bbox 607 3194 703 3255; x_wconf 91' lang='lat' dir='ltr'>modo</span> <span class='ocrx_word' id='word_1_202' title='bbox 742 3193 891 3257; x_wconf 76' lang='lat' dir='ltr'>„dehincu</span> <span class='ocrx_word' id='word_1_203' title='bbox 929 3194 1161 3256; x_wconf 88' lang='lat' dir='ltr'>accomodatum</span> <span class='ocrx_word' id='word_1_204' title='bbox 1197 3197 1241 3255; x_wconf 91' lang='lat' dir='ltr'>est</span> <span class='ocrx_word' id='word_1_205' title='bbox 1274 3210 1350 3256; x_wconf 88' lang='lat' dir='ltr'>con-</span> 
     </span>
     <span class='ocr_line' id='line_1_29' title="bbox 282 3278 1348 3379; baseline 0.002 -20"><span class='ocrx_word' id='word_1_206' title='bbox 282 3299 411 3360; x_wconf 88' lang='lat' dir='ltr'>clusioni</span> <span class='ocrx_word' id='word_1_207' title='bbox 443 3302 476 3358; x_wconf 92' lang='lat' dir='ltr'>ut</span> <span class='ocrx_word' id='word_1_208' title='bbox 504 3278 734 3360; x_wconf 82' lang='lat' dir='ltr'>Germanorum</span> <span class='ocrx_word' id='word_1_209' title='bbox 761 3299 904 3379; x_wconf 74' lang='lat' dir='ltr'>„boqer“:</span> <span class='ocrx_word' id='word_1_210' title='bbox 932 3299 967 3359; x_wconf 90' lang='grc'>111</span> <span class='ocrx_word' id='word_1_211' title='bbox 994 3301 1057 3362; x_wconf 80' lang='grc'><strong>302</strong></span> <span class='ocrx_word' id='word_1_212' title='bbox 1083 3299 1246 3378; x_wconf 88' lang='lat' dir='ltr'>Quidquid</span> <span class='ocrx_word' id='word_1_213' title='bbox 1270 3303 1348 3361; x_wconf 87' lang='lat' dir='ltr'>terra</span> 
     </span>
     <span class='ocr_line' id='line_1_30' title="bbox 282 3404 537 3466; baseline 0.008 -2"><span class='ocrx_word' id='word_1_214' title='bbox 282 3405 394 3466; x_wconf 91' lang='lat' dir='ltr'>dehinc</span> <span class='ocrx_word' id='word_1_215' title='bbox 417 3404 537 3466; x_wconf 83' lang='lat' dir='ltr'>suflicit.</span> 
     </span>
    </p>

    <p class='ocr_par' dir='ltr' id='par_1_11' title="bbox 283 3511 1348 4126">
     <span class='ocr_line' id='line_1_31' title="bbox 373 3511 1347 3591; baseline 0.001 -18"><span class='ocrx_word' id='word_1_216' title='bbox 373 3511 553 3574; x_wconf 85' lang='lat' dir='ltr'>Particulam</span> <span class='ocrx_word' id='word_1_217' title='bbox 590 3512 761 3589; x_wconf 69' lang='lat' dir='ltr'>„denique‘1</span> <span class='ocrx_word' id='word_1_218' title='bbox 796 3511 932 3572; x_wconf 79' lang='lat' dir='ltr'>Avienus</span> <span class='ocrx_word' id='word_1_219' title='bbox 962 3530 1052 3591; x_wconf 86' lang='lat' dir='ltr'>saepe</span> <span class='ocrx_word' id='word_1_220' title='bbox 1082 3512 1119 3573; x_wconf 91' lang='lat' dir='ltr'>ita</span> <span class='ocrx_word' id='word_1_221' title='bbox 1149 3515 1278 3590; x_wconf 87' lang='lat' dir='ltr'>usurpat,</span> <span class='ocrx_word' id='word_1_222' title='bbox 1305 3519 1347 3574; x_wconf 86' lang='lat' dir='ltr'>ut</span> 
     </span>
     <span class='ocr_line' id='line_1_32' title="bbox 283 3617 1347 3698; baseline 0 -16"><span class='ocrx_word' id='word_1_223' title='bbox 283 3619 354 3682; x_wconf 92' lang='lat' dir='ltr'>inde</span> <span class='ocrx_word' id='word_1_224' title='bbox 389 3637 406 3680; x_wconf 88' lang='lat' dir='ltr'>a</span> <span class='ocrx_word' id='word_1_225' title='bbox 441 3619 562 3680; x_wconf 88' lang='lat' dir='ltr'>saeculo</span> <span class='ocrx_word' id='word_1_226' title='bbox 599 3639 627 3698; x_wconf 92' lang='lat' dir='ltr'>p.</span> <span class='ocrx_word' id='word_1_227' title='bbox 658 3617 734 3680; x_wconf 84' lang='lat' dir='ltr'>Chr.</span> <span class='ocrx_word' id='word_1_228' title='bbox 765 3623 822 3679; x_wconf 90' lang='lat' dir='ltr'>nat.</span> <span class='ocrx_word' id='word_1_229' title='bbox 854 3617 949 3680; x_wconf 88' lang='lat' dir='ltr'>altero</span> <span class='ocrx_word' id='word_1_230' title='bbox 972 3619 1134 3698; x_wconf 87' lang='lat' dir='ltr'>scriptores</span> <span class='ocrx_word' id='word_1_231' title='bbox 1158 3617 1290 3697; x_wconf 90' lang='lat' dir='ltr'>quidam,</span> <span class='ocrx_word' id='word_1_232' title='bbox 1313 3625 1347 3682; x_wconf 94' lang='lat' dir='ltr'>ut</span> 
     </span>
     <span class='ocr_line' id='line_1_33' title="bbox 283 3725 1346 3804; baseline 0.002 -18"><span class='ocrx_word' id='word_1_233' title='bbox 283 3725 411 3787; x_wconf 88' lang='lat' dir='ltr'>alicuius</span> <span class='ocrx_word' id='word_1_234' title='bbox 444 3726 618 3804; x_wconf 89' lang='lat' dir='ltr'>propositae</span> <span class='ocrx_word' id='word_1_235' title='bbox 651 3727 692 3787; x_wconf 89' lang='lat' dir='ltr'>rei</span> <span class='ocrx_word' id='word_1_236' title='bbox 726 3743 846 3787; x_wconf 86' lang='lat' dir='ltr'>causam</span> <span class='ocrx_word' id='word_1_237' title='bbox 880 3725 1038 3804; x_wconf 85' lang='lat' dir='ltr'>significet,</span> <span class='ocrx_word' id='word_1_238' title='bbox 1072 3726 1158 3804; x_wconf 88' lang='lat' dir='ltr'>quasi</span> <span class='ocrx_word' id='word_1_239' title='bbox 1195 3725 1278 3800; x_wconf 88' lang='lat' dir='ltr'>dicat,</span> <span class='ocrx_word' id='word_1_240' title='bbox 1312 3733 1346 3789; x_wconf 90' lang='lat' dir='ltr'>ut</span> 
     </span>
     <span class='ocr_line' id='line_1_34' title="bbox 283 3830 1343 3913; baseline 0 -19"><span class='ocrx_word' id='word_1_241' title='bbox 283 3833 457 3910; x_wconf 83' lang='lat' dir='ltr'>germanice</span> <span class='ocrx_word' id='word_1_242' title='bbox 489 3837 601 3894; x_wconf 88' lang='lat' dir='ltr'>veriam</span> <span class='ocrx_word' id='word_1_243' title='bbox 640 3833 765 3913; x_wconf 77' lang='lat' dir='ltr'>,iniolqe</span> <span class='ocrx_word' id='word_1_244' title='bbox 800 3832 927 3910; x_wconf 69' lang='lat' dir='ltr'>bellent:</span> <span class='ocrx_word' id='word_1_245' title='bbox 966 3833 1001 3894; x_wconf 93' lang='lat' dir='ltr'>lll</span> <span class='ocrx_word' id='word_1_246' title='bbox 1032 3830 1151 3912; x_wconf 72' lang='grc'><strong>134130</strong></span> <span class='ocrx_word' id='word_1_247' title='bbox 1176 3836 1273 3894; x_wconf 90' lang='lat' dir='ltr'>cautes</span> <span class='ocrx_word' id='word_1_248' title='bbox 1295 3853 1343 3896; x_wconf 91' lang='lat' dir='ltr'>ev-</span> 
     </span>
     <span class='ocr_line' id='line_1_35' title="bbox 283 3939 1341 4018; baseline 0.005 -19"><span class='ocrx_word' id='word_1_249' title='bbox 283 3939 424 4015; x_wconf 91' lang='lat' dir='ltr'>tenditnr,</span> <span class='ocrx_word' id='word_1_250' title='bbox 450 3944 482 4000; x_wconf 91' lang='lat' dir='ltr'>ul</span> <span class='ocrx_word' id='word_1_251' title='bbox 505 3939 587 4000; x_wconf 87' lang='lat' dir='ltr'>ferus</span> <span class='ocrx_word' id='word_1_252' title='bbox 611 3959 664 4002; x_wconf 93' lang='lat' dir='ltr'>ora</span> <span class='ocrx_word' id='word_1_253' title='bbox 682 3941 732 4001; x_wconf 83' lang='lat' dir='ltr'>Est</span> <span class='ocrx_word' id='word_1_254' title='bbox 750 3941 827 4002; x_wconf 90' lang='lat' dir='ltr'>aries</span> <span class='ocrx_word' id='word_1_255' title='bbox 851 3988 858 4002; x_wconf 93' lang='lat'>.</span> <span class='ocrx_word' id='word_1_256' title='bbox 882 3989 888 4000; x_wconf 94' lang='lat'><strong><em>.</em></strong></span> <span class='ocrx_word' id='word_1_257' title='bbox 914 3989 920 4001; x_wconf 96' lang='lat'>.</span> <span class='ocrx_word' id='word_1_258' title='bbox 947 3939 1090 4018; x_wconf 90' lang='lat' dir='ltr'>Denique</span> <span class='ocrx_word' id='word_1_259' title='bbox 1106 3941 1149 4002; x_wconf 89' lang='lat' dir='ltr'>sic</span> <span class='ocrx_word' id='word_1_260' title='bbox 1165 3940 1216 4002; x_wconf 93' lang='lat' dir='ltr'>olli</span> <span class='ocrx_word' id='word_1_261' title='bbox 1234 3957 1341 4010; x_wconf 86' lang='lat' dir='ltr'>nomen</span> 
     </span>
     <span class='ocr_line' id='line_1_36' title="bbox 284 4044 1348 4126; baseline 0.006 -21"><span class='ocrx_word' id='word_1_262' title='bbox 284 4045 369 4123; x_wconf 89' lang='lat' dir='ltr'>prior</span> <span class='ocrx_word' id='word_1_263' title='bbox 404 4044 514 4106; x_wconf 91' lang='lat' dir='ltr'>indidit</span> <span class='ocrx_word' id='word_1_264' title='bbox 548 4050 627 4107; x_wconf 87' lang='lat' dir='ltr'>aetas</span> <span class='ocrx_word' id='word_1_265' title='bbox 664 4045 728 4122; x_wconf 87' lang='grc'><strong>(111.</strong></span> <span class='ocrx_word' id='word_1_266' title='bbox 752 4065 779 4106; x_wconf 95' lang='lat' dir='ltr'>v.</span> <span class='ocrx_word' id='word_1_267' title='bbox 811 4047 852 4107; x_wconf 93' lang='grc'>00</span> <span class='ocrx_word' id='word_1_268' title='bbox 883 4045 995 4124; x_wconf 83' lang='lat' dir='ltr'>perieg.</span> <span class='ocrx_word' id='word_1_269' title='bbox 1028 4047 1168 4126; x_wconf 84' lang='lat' dir='ltr'>Dionysii</span> <span class='ocrx_word' id='word_1_270' title='bbox 1199 4047 1348 4117; x_wconf 77' lang='lat' dir='ltr'>„roilvanul&#39;</span> 
     </span>
    </p>
   </div>
   <div class='ocr_carea' id='block_1_5' title="bbox 0 0 1440 4596">
    <p class='ocr_par' dir='ltr' id='par_1_12' title="bbox 0 0 1440 4596">
     <span class='ocr_line' id='line_1_37' title="bbox 0 0 1440 4596; baseline 0 0"><span class='ocrx_word' id='word_1_271' title='bbox 0 0 1440 4596; x_wconf 95' lang='lat' dir='ltr'> </span> 
     </span>
    </p>
   </div>
  </div>
 </body>
</html>
