2868 4602
450 1205 809 1317 Prooemium.

189 1492 253 1567 Qui
292 1493 392 1556 studia
425 1494 620 1572 grammatica
659 1495 780 1572 linguae
821 1495 928 1557 latinae
964 1497 1166 1576 persequitur,
1254 1550 1258 1556 .

96 1604 249 1676 quantum
273 1618 366 1679 opera
386 1600 523 1662 virorum
543 1600 703 1662 doctorum
721 1604 749 1662 et
769 1600 800 1662 in
818 1601 934 1680 syntaxi
953 1603 1169 1680 cognoscenda

97 1709 128 1765 et
162 1705 193 1766 in
229 1705 408 1768 illustrando
444 1705 565 1768 dicendi
600 1725 712 1784 genere
754 1706 947 1784 singulorum
983 1708 1167 1786 scriptorum

97 1811 247 1889 proximis
281 1811 369 1873 annis
404 1811 592 1891 profecerint,
639 1831 703 1874 non
746 1813 872 1891 ignorat.
938 1815 1017 1875 Nam
1060 1833 1167 1876 verum

97 1935 173 1993 esse,
205 1918 291 1996 quod
322 1918 544 1994 contendimus,
577 1937 689 1996 magno
721 1937 852 1980 numero
881 1919 1029 1982 librorum
1056 1921 1163 1999 parlim

96 2023 137 2084 ad
168 2024 306 2104 syntaxin
339 2024 511 2086 historicam
544 2025 665 2102 linguae
689 2025 803 2100 latinae,
830 2025 935 2104 partim
960 2025 998 2086 ad
1024 2026 1163 2105 syntaxin

98 2129 281 2208 scriptorum
328 2130 522 2208 singulorum
569 2130 792 2210 pertinentium,
840 2149 932 2210 quem
977 2131 1167 2194 Schmalzius

99 2236 129 2295 in
156 2234 243 2312 libr0,
284 2236 336 2314 qui
380 2236 587 2312 „lateinische
627 2237 817 2298 Grammatik
856 2254 916 2298 von
960 2237 1013 2299 Dr.
1055 2237 1166 2300 Friedr.

99 2341 183 2404 Stolz
206 2342 269 2402 und
291 2343 315 2420 J.
341 2343 379 2403 Η.
404 2341 561 2404 Schmalz“
587 2341 769 2420 inscribitur,
795 2342 859 2420 (clr.
885 2361 951 2422 pag.
977 2343 1165 2421 202-213)

99 2447 203 2523 attulit,
250 2449 320 2510 satis
367 2448 599 2511 demonstratur.
669 2449 747 2510 Mihi
795 2449 892 2527 igitur,
940 2450 993 2528 qui
1040 2449 1164 2511 illorum

99 2554 236 2615 virorum
277 2554 384 2616 studiis
430 2572 551 2633 semper
593 2555 762 2631 delectarer,
810 2555 896 2618 labor
943 2575 1005 2618 non
1052 2557 1168 2618 inutilis

99 2659 258 2722 videbatur
288 2678 353 2722 esse
389 2660 419 2720 in
456 2661 593 2739 syntaxin
627 2661 697 2728 Ruti
730 2662 806 2724 Festi
838 2661 945 2724 Avieni
980 2663 1165 2741 inquirendo

101 2765 218 2845 aliquid
258 2766 381 2828 frustuli
422 2767 559 2828 conferre
597 2767 635 2828 ad
681 2767 888 2829 illustrandam
930 2770 1021 2831 huius
1061 2773 1167 2848 poetae

105 2872 318 2949 elocutionem,
355 2871 530 2952 praesertim
565 2892 633 2934 cum
666 2874 794 2936 consilio
825 2893 854 2936 er
882 2875 1055 2937 auctoritate
1087 2875 1165 2936 Petri

101 2979 244 3057 Langeni,
281 2979 336 3040 viri
371 2977 485 3053 optime
515 2979 554 3040 de
587 2999 635 3040 me
669 2981 774 3058 meriti,
810 2982 893 3042 hunc
928 2981 1068 3042 laborem
1099 2999 1165 3042 sus

99 3085 257 3164 cepissem.
311 3085 411 3164 Atque
441 3085 466 3146 si
502 3085 532 3145 in
574 3090 703 3146 mentem
741 3105 926 3164 revocamus,
968 3106 1031 3166 quo
1071 3087 1165 3149 modo

99 3192 205 3268 lingua
240 3192 329 3254 latina
362 3191 527 3253 adoleverit
565 3197 593 3252 et
635 3190 672 3252 ad
710 3211 801 3270 quem
838 3194 950 3254 exitum
988 3193 1164 3274 pervenerit,

100 3297 166 3375 (cfr.
189 3297 329 3360 Schmalz
360 3299 377 3359 l.
403 3317 426 3359 c.
451 3318 478 3377 p.
509 3297 693 3376 197-200)
726 3299 837 3359 mirum
869 3317 935 3360 esse
966 3317 1028 3362 non
1060 3303 1164 3378 polest,

99 3403 187 3482 quod
218 3405 247 3466 in
281 3404 468 3466 carminibus
498 3404 606 3466 Avieni
639 3422 733 3482 purus
764 3423 864 3466 sermo
904 3421 966 3468 non
1005 3405 1164 3468 invenitur,

99 3509 197 3570 irrrmo
228 3509 293 3570 eius
326 3508 457 3570 elocutio
488 3513 516 3570 et
547 3528 624 3588 quae
655 3511 755 3572 aetatis
787 3513 892 3589 poetae
927 3515 997 3572 sunt
1032 3511 1163 3590 propria,

99 3618 130 3676 et
158 3632 236 3692 quae
265 3634 282 3675 a
311 3613 510 3694 scriptoribus
541 3620 631 3694 atque
662 3617 758 3695 poetis
788 3615 898 3694 prioris
921 3617 1023 3676 aetatis
1045 3619 1165 3694 sumpta

99 3724 180 3795 sunt,
226 3720 322 3782 habet
391 3720 491 3800 Atque
536 3740 606 3783 cum
649 3721 785 3783 Avienus
829 3738 875 3782 res
921 3725 949 3782 et
988 3726 1165 3799 argumenta

100 3826 271 3888 carminum
323 3845 359 3888 ex
411 3827 527 3906 graecis
580 3828 760 3906 plerumque
816 3826 954 3889 lontibus
1011 3831 1164 3907 repeteret,

100 3951 168 3994 eam
205 3951 268 3995 rem
305 3934 336 3994 in
367 3934 462 4013 ipsam
495 3934 697 3996 elocutionem
729 3934 793 3995 eius
825 3932 887 3994 vim
920 3933 1062 3996 habuisse
1092 3951 1165 3996 con-

99 4043 279 4102 sentaneum
304 4043 355 4102 est.
