2868 4602
535 331 710 383 „33—

80 495 200 574 iungit:
233 495 256 556 ll
282 490 578 574 9181201511...
614 493 638 554 si
675 493 744 570 quis
780 511 870 571 prora
899 494 1010 555 nitatur
1037 495 1076 556 ab
1100 495 1157 556 alta

83 605 120 662 ln
147 601 277 681 puppim
302 599 439 679 proferre
463 599 582 678 pedem.

178 707 363 770 Obsoletum
387 706 509 768 dicendi
533 723 632 784 genus
658 705 794 767 Avienus
817 707 956 784 sequitur
976 706 1157 785 „equidem‘

79 833 159 877 cum
195 831 326 894 persona
360 813 444 874 tertia
478 812 685 890 coniungens:
722 813 745 872 ll
771 814 835 874 636
861 812 1044 875 Grandibus
1074 814 1155 874 haud

80 921 233 1000 equidem
257 920 351 982 stellis
374 919 473 982 micat.

180 1029 354 1090 Priscorum
379 1031 538 1106 poetarum
564 1044 621 1088 usu
645 1025 782 1086 Avienus
810 1025 973 1102 ,11111651Η
1002 1045 1069 1088 esse
1092 1028 1158 1088 vult

80 1135 170 1196 idem
186 1153 221 1196 ac
233 1133 423 1196 Graecorum
441 1134 473 1194 εἴ
482 1153 531 1212 γει
551 1133 574 1194 11
596 1134 678 1195 1643
696 1127 892 1196 Circumfusa
904 1133 982 1196 adeo
994 1135 1018 1196 51
1036 1133 1157 1212 cingula

80 1242 189 1304 nescia
212 1241 289 1303 solvi
314 1241 467 1304 Servarint
490 1240 633 1319 speciem.

180 1349 250 1410 lloc
278 1348 347 1410 loco
378 1348 651 1426 commemoranda
674 1351 718 1408 est
740 1347 849 1409 Avieni
873 1347 1073 1424 consuetudo,
1098 1367 1158 1426 qua

80 1455 262 1518 variationis
286 1455 350 1517 sive
375 1454 460 1516 metri
485 1472 575 1516 causa
597 1454 748 1516 adductus
768 1455 900 1534 priorem
918 1455 1156 1517 enuntiationem

80 1563 299 1626 secundariam
330 1562 546 1624 coniunctione
576 1563 734 1642 temporali
764 1565 878 1637 ,‚cum“,
908 1561 1030 1624 alteram
1059 1579 1156 1624 enun-

82 1671 244 1732 tiationem
274 1669 484 1731 secundariam
515 1669 731 1732 coniunctione
760 1669 965 1732 condicionali
994 1670 1057 1745 ,,51“
1086 1689 1156 1732 cum

83 1777 298 1838 enuntiatione
321 1775 464 1855 primaria
492 1777 664 1856 coniungit:
695 1778 718 1837 ll
749 1774 890 1856 1716120
915 1776 1006 1838 Cum
1033 1795 1158 1856 procera

84 1884 187 1946 salum
197 1883 776 1963 repetitArdeacumdeliguntspicula
786 1902 908 1945 muscae
918 1883 1157 1945 Etsinocturnis
1283 1962 1285 1966 Ι

83 1991 267 2052 ardentibus
279 1990 418 2068 undique
433 1991 515 2051 testis
528 1989 734 2052 Concrescunt
749 1991 845 2070 fungi,
863 1991 892 2052 51
905 1990 1038 2052 flammis
1050 1991 1159 2053 emicet

86 2098 178 2176 ignis,
205 2099 227 2158 ll
257 2099 428 2160 1722-24
452 2115 533 2158 cum
559 2097 695 2176 patulum
724 2102 841 2159 torrens
865 2097 1020 2159 Vulcanus
1047 2096 1157 2158 aenum

87 2203 241 2267 Scintillas
257 2204 383 2266 llamma
398 2203 633 2266 circumlabente
651 2204 807 2283 relinquit;
833 2204 868 2267 Si
894 2209 986 2266 notus
1006 2205 1160 2268 humentis

91 2313 207 2392 Libyco
226 2311 316 2373 trabit
330 2311 450 2374 aethere
470 2311 576 2387 nubes,
603 2313 626 2371 ll
656 2313 775 2373 1410-
791 2314 828 2375 16
845 2313 891 2374 vis
908 2312 1063 2374 boccum
1081 2311 1161 2372 fudit

90 2420 121 2480 in
148 2437 237 2480 auras
255 2420 411 2481 Venamm
437 2467 569 2482 .....
594 2419 630 2480 Si
655 2419 757 2480 minor
774 2420 847 2481 llaec
863 2418 978 2480 madidi
995 2419 1161 2480 substantia

89 2525 267 2604 subrigitur,
302 2526 324 2585 ll
355 2528 521 2588 1418-21
560 2527 605 2588 vis
637 2531 738 2588 autem
771 2525 879 2587 siccior
911 2525 962 2586 olli
987 2524 1080 2586 Cum
1104 2523 1162 2584 tuit

89 2680 223 2692 .....
263 2633 293 2694 51
329 2634 427 2695 maior
462 2632 602 2713 protinus
633 2651 724 2695 umor
759 2631 960 2694 Consurrexit
995 2632 1098 2706 bomo,
1136 2632 1159 2690 ll

95 2740 213 2814 14511-
227 2740 268 2799 54
294 2739 383 2818 primi
409 2757 490 2801 cum
514 2740 612 2817 surgit
628 2739 752 2800 luminis
769 2739 847 2816 igne,
868 2738 968 2800 Tertia
983 2755 1063 2800 cum
1089 2738 1161 2798 ruti-

91 2848 139 2921 lat,
164 2864 243 2907 cum
271 2847 368 2909 maior
392 2846 501 2908 sideris
524 2846 657 2908 aethram
675 2846 798 2908 Scandit
820 2895 826 2906 .
852 2896 858 2907 .
883 2895 889 2906 .
916 2846 999 2906 llaec
1019 2843 1161 2921 castigato

90 2957 121 3014 si
146 2954 231 3014 tertia
265 2953 383 3016 fulserit
418 2957 494 3030 ortu,
524 2955 554 3014 ll
583 2955 755 3016 1560-64
791 2971 870 3014 cum
908 2951 1025 3031 primos
1055 2949 1163 3012 educet

91 3060 213 3138 gurgite
236 3061 337 3122 voltus
362 3109 368 3122 .
394 3110 400 3122 .
425 3109 431 3122 .
456 3109 463 3122 .
495 3062 530 3122 Et
557 3061 602 3125 si
618 3060 783 3139 tranquillo
813 3077 947 3122 convexa
977 3057 1163 3120 concurrerit

92 3171 182 3244 astro
207 3167 259 3230 cir.
285 3169 308 3229 ll
338 3169 563 3244 1102—1195,
589 3169 612 3228 ll
638 3169 822 3242 670-673,
852 3168 1033 3228 1634-37.

182 3275 359 3351 „Sive-seu“
382 3275 527 3354 scriptum
552 3279 608 3336 est:
634 3275 655 3336 ll
684 3272 826 3354 1546147
852 3273 921 3336 Sive
946 3273 996 3333 ille
1019 3272 1163 3334 occiduas

93 3387 198 3462 vergat
238 3382 364 3444 declivis
405 3382 436 3442 in
476 3383 575 3443 undas
622 3382 681 3444 Seu
729 3401 761 3443 se
809 3380 940 3442 luciferis
987 3377 1163 3457 reparabilis

93 3494 195 3552 exerat
217 3481 296 3552 oris¹

183 3596 561 3674 „Sive-seu-aut-seu-seu“
591 3597 781 3659 invenimus:
819 3597 841 3657 ll
874 3590 997 3673 277186
1027 3593 1091 3654 sive
1121 3596 1164 3652 est

92 3706 214 3785 genitor
232 3705 286 3767 tibi
304 3705 443 3784 luppiter,
465 3705 526 3768 Seu
544 3705 636 3784 patris
651 3705 765 3766 Astraei
788 3703 903 3765 clarum
926 3719 958 3762 es
974 3717 1080 3778 genus
1104 3699 1165 3760 Aut

95 3812 245 3874 Pelusiaci
274 3812 371 3891 magis
401 3831 433 3874 es
462 3812 519 3874 dea
542 3813 638 3874 litoris
663 3812 724 3887 1515,
750 3809 810 3874 Seu
834 3813 865 3870 tu
890 3808 962 3870 diva
985 3807 1088 3882 Ceres,
1109 3823 1162 3867 seu

93 3938 174 3999 quae
191 3919 374 3998 ‘pernicibus
397 3920 453 3982 alis
476 3923 529 3981 etc.
1215 3998 1218 4010 Ι

184 4027 264 4103 ,,Α1“
293 4027 438 4107 particula
468 4027 589 4088 tertium
621 4026 795 4087 membrum
827 4023 1009 4086 adnectitur:
1044 4023 1068 4083 ll
1100 4021 1163 4082 830
1227 4025 1232 4028 “

93 4137 173 4200 Sunt
189 4134 308 4198 mediae
329 4135 478 4210 flammae,
503 4133 625 4216 steriles
650 4150 684 4193 ac
708 4130 783 4192 lucis
807 4147 929 4208 egenae,
956 4128 991 4188 lll
1021 4121 1164 4207 1124126

1039 4249 1056 4302 3
1160 4275 1162 4282 ,
