2868 4602
704 325 877 379 -3g..

259 492 342 552 1284
369 489 519 568 (Draeger
534 488 594 550 hoc
609 488 816 568 compositum
833 507 896 551 non
913 485 1013 569 affert)
1030 493 1329 571 supereminere

257 598 293 658 111
319 598 384 660 610
409 596 505 676 (idem
534 613 610 658 usus
637 595 722 675 apud
745 572 899 675 llegilium
929 601 958 659 et
982 598 1133 660 Ovidium
1158 601 1328 680 invenitur)

255 708 509 784 supernatare
544 704 566 765 ll
606 706 689 766 1412
729 703 882 783 (Draeger
919 723 982 768 non
1024 705 1122 783 allert)
1166 707 1330 786 (1111115111-

255 829 329 874 vum
361 811 612 890 „supermicare“,
649 809 735 889 quod
772 811 911 890 Draeger
945 812 1064 874 Avieno
1098 813 1211 890 tribuit,
1247 815 1330 877 Hisr.

256 919 339 1000 Synt.
359 920 369 980 l
394 937 423 999 p.
443 921 502 981 381
532 919 563 980 in
580 917 688 980 Avieni
705 919 892 980 carminibus
908 937 971 981 non
989 921 1094 999 exstat)
1111 922 1332 985 succedere

257 1028 379 1103 11305,
416 1028 476 1089 991
505 1029 566 1102 etc,
601 1025 637 1087 lll
671 1027 754 1088 1212
784 1030 837 1088 etc.
869 1025 941 1104 (iam
971 1026 1057 1106 apud
1087 1027 1272 1091 Ciceronem
1299 1049 1332 1109 p.

257 1135 355 1197 domo
380 1136 432 1209 44,
456 1132 570 1194 deinde
592 1133 675 1212 apud
702 1133 820 1194 Livium
846 1137 874 1195 et
897 1133 1058 1214 Tacitum).

347 1287 371 1330 c.
393 1269 442 1330 De
465 1267 567 1329 verbis
590 1266 755 1329 affectuum
780 1285 850 1329 cum
874 1269 1044 1331 accusativo
1061 1269 1210 1348 copulatis
1228 1287 1333 1350 pauca

257 1376 366 1452 habeo,
390 1393 469 1454 quae
492 1375 601 1436 dicam.
648 1375 727 1435 Nam
752 1375 826 1437 haec
843 1375 941 1436 'verba
964 1375 1027 1437 fere
1051 1376 1156 1438 omnia
1172 1377 1262 1438 etiam
1288 1379 1332 1440 ab

258 1483 383 1562 optimis
410 1483 526 1544 solutae
556 1481 702 1544 orationis
731 1483 932 1562 scriptoribus
964 1501 1189 1562 nonnunquam
1220 1487 1333 1547 transi-

255 1591 317 1653 tive
341 1591 481 1670 usurpari
506 1590 576 1652 satis
600 1593 724 1652 constat.
771 1589 831 1652 Sed
869 1608 1056 1668 quamquam
1095 1609 1157 1653 non
1195 1610 1334 1670 magnus

257 1717 406 1760 numerus
435 1698 501 1760 eius
531 1697 616 1759 modi
646 1697 813 1759 verborum
844 1697 874 1757 in
904 1697 1013 1759 Avieni
1049 1699 1237 1760 carminibus
1280 1700 1329 1761 in-

258 1807 385 1883 venitur,
411 1805 558 1886 exemplis
581 1804 677 1866 allatis
700 1805 789 1866 etiam
814 1804 966 1866 Avienum
992 1805 1051 1867 hoc
1074 1805 1196 1868 dicendi
1227 1825 1334 1884 genus

258 1917 396 1977 secutum
421 1932 487 1996 esse
510 1914 615 1974 elucet.
664 1913 695 1973 E.
719 1931 764 1991 g.:
789 1929 931 1973 exosus
955 1913 978 1973 ll
1004 1914 1066 1975 375
1093 1913 1191 1974 lucem
1217 1918 1245 1975 et
1269 1914 1334 1975 lata

261 2039 382 2097 exosus,
406 2021 503 2082 llere
538 2019 574 2080 lll
601 2021 674 2094 312,
699 2019 862 2080 horrere
888 2020 910 2080 ll
937 2021 1010 2097 778,
1047 2021 1080 2081 111
1111 2022 1185 2094 310,
1220 2021 1333 2084 hiare

261 2130 284 2189 ll
310 2129 374 2191 668
400 2128 483 2189 lucra
506 2125 624 2201 hiantis,
655 2125 858 2188 lacrimare
883 2127 905 2186 ll
932 2127 995 2190 592
1028 2101 1184 2190 lacrimare
1216 2128 1334 2196 ruinas,

261 2238 396 2316 lugere
421 2236 443 2296 ll
470 2235 542 2309 586,
568 2233 744 2296 miserari
770 2235 793 2294 ll
823 2235 892 2309 189,
918 2236 991 2310 212,
1017 2237 1080 2296 224
1106 2239 1158 2310 etc,
1189 2251 1336 2313 pavere

261 2345 284 2406 ll
315 2345 406 2418 1827,
425 2346 582 2420 stupere
606 2341 641 2402 lll
668 2343 741 2420 254,
764 2345 926 2402 tremere
950 2341 986 2402 lll
1012 2343 1086 2404 311.

349 2459 518 2522 Accusativi
544 2457 730 2519 limitationis
753 2457 800 2518 vel
817 2457 978 2534 relationis,
1003 2476 1095 2537 quem
1112 2458 1206 2536 vulgo
1223 2457 1336 2520 dicunt

262 2569 427 2642 Graecum,
464 2567 494 2626 in
524 2565 633 2626 Avieni
668 2563 855 2628 carminibus
891 2583 1021 2644 magnus
1049 2583 1196 2627 numerus
1227 2585 1334 2627 exem-

263 2675 387 2755 plorum
413 2674 551 2736 occurrit.

350 2803 381 2881 α)
408 2800 604 2863 accusativus
629 2798 742 2877 pendet
763 2817 781 2859 a
805 2798 906 2860 verbis
927 2798 1036 2860 mediis
1060 2799 1107 2860 vel
1133 2797 1270 2877 passivis.
1298 2800 1332 2859 ln

261 2910 312 2970 illa
334 2913 482 2972 structura
506 2909 689 2987 plerumque
718 2905 915 2985 participium,
948 2905 1070 2984 perlecti
1107 2905 1218 2984 passivi
1255 2924 1331 2967 cum

259 3017 433 3079 accusativo
457 3015 538 3077 relat.
556 3014 761 3092 coniungitur.

352 3141 425 3214 Qua
441 3141 472 3202 in
490 3159 522 3202 re
540 3139 694 3202 tractanda
710 3137 863 3217 imprimis
887 3138 1056 3200 cavendum
1081 3141 1132 3214 est,
1158 3155 1196 3199 ne
1219 3155 1333 3198 omnes

261 3248 448 3310 accusativos
464 3247 629 3327 participiis
646 3245 768 3325 perlecti
786 3245 897 3325 passivi
917 3245 1078 3307 adiunctos
1101 3263 1137 3306 ex
1162 3243 1332 3306 imitatione

262 3355 394 3433 quadem
431 3372 505 3416 usus
545 3353 644 3434 graeci
684 3356 769 3414 ortus
811 3351 969 3414 ducamus.
1031 3352 1109 3413 Nam
1146 3369 1215 3412 curn
1251 3350 1333 3412 desit

264 3463 388 3540 liuguae
412 3462 519 3524 latinae
543 3459 733 3540 participium
763 3459 885 3538 perlecti
909 3459 1006 3535 activi,
1036 3476 1099 3520 non
1136 3461 1180 3520 est
1214 3457 1330 3518 mirum

264 3573 369 3649 poetas
403 3569 597 3650 participium
633 3567 757 3648 perlecti
793 3566 904 3646 passivi
939 3565 969 3628 vi
1005 3565 1127 3628 mediali
1153 3599 1194 3610 -·
1219 3570 1252 3626 ut
1291 3565 1331 3626 ita

263 3677 362 3738 dicam
381 3712 422 3721 —
439 3693 603 3756 usurpasse
619 3679 648 3738 et
663 3693 732 3737 cum
746 3673 916 3736 accusativo
929 3673 1072 3735 iunxisse.
1090 3672 1154 3751 (cir.
1169 3672 1333 3735 Schroeter

262 3785 347 3862 „Der
376 3784 483 3847 Aecus.
515 3783 592 3846 nach
624 3781 733 3862 passiv.
758 3781 879 3844 Verben
911 3781 943 3842 in
978 3779 1033 3842 der·
1055 3780 1101 3842 lat.
1121 3779 1330 3859 Dichterspr.“

265 3891 389 3972 Ologau
418 3893 501 3954 1870
527 3909 555 3970 p.
580 3892 620 3966 6).

354 4017 477 4080 Mediali
495 4017 525 4078 vi
549 4020 620 4078 sunt
644 4016 718 4077 haec
741 4012 909 4094 participia:
935 4013 957 4074 ll
982 4015 1042 4074 142
1062 4013 1229 4075 effusum
1246 4013 1331 4073 artus

264 4126 315 4187 clr.
332 4127 354 4187 ll
373 4127 446 4202 239,
471 4127 677 4186 consertus
696 4140 821 4184 manum
839 4124 1000 4199 utramque
1017 4121 1039 4181 ll
1058 4122 1131 4196 235,
1154 4119 1331 4182 alilictus
