2868 4602
705 306 879 358 ..22-

260 485 409 530 summa
432 469 559 546 quiescit
583 470 604 530 ll
631 471 704 544 895,
734 469 813 531 alius
843 471 915 532 iacet
938 470 1087 532 obvius
1112 472 1134 532 ll
1166 473 1232 534 952
1263 478 1335 547 etc,

261 576 315 637 iste
339 575 421 656 lyrae
450 576 549 637 rutilat
576 577 858 639 conterminus
890 579 911 638 ll
951 578 1033 640 1139
1057 581 1119 652 etc,
1144 579 1335 656 proxima

260 700 293 743 se
310 700 421 762 pascua
436 682 565 744 tendunt
581 683 616 744 lll
635 685 708 758 280,
733 684 785 761 qui
805 683 967 745 extremi
980 684 1046 746 sola
1060 683 1177 746 sulcant
1194 685 1230 745 lll
1252 687 1334 758 272,

262 788 439 851 vicinior
462 789 565 851 radios
587 789 719 852 directos
741 791 788 851 axi
813 790 955 854 Occiduo
984 789 1106 852 inclinat
1130 791 1165 851 lll
1191 793 1334 872 765166,

262 896 310 957 his
332 895 539 958 distentus
561 915 657 976 aquas
686 903 748 960 sata
772 898 877 959 lambit
900 897 935 958 111
962 899 1034 972 575,
1063 897 1141 959 alius
1168 901 1334 976 consurgit

261 1005 399 1066 celsior
423 1005 445 1065 ll
471 1002 604 1084 548149,
629 1004 743 1067 borean
769 1005 927 1084 propior
949 1003 1032 1066 subit
1055 1005 1077 1066 ll
1104 1006 1176 1079 549,
1201 1005 1333 1084 vestigia

261 1129 365 1173 arcum
401 1128 480 1173 sera
516 1115 639 1173 manent
675 1111 698 1172 ll
739 1113 831 1185 1216,
866 1111 890 1171 si
921 1111 1114 1173 nocturnis
1145 1111 1331 1174 ardentibus
1415 1126 1416 1164 1

262 1219 344 1280 testis
367 1217 573 1280 Concrescant
596 1218 684 1297 iungi
708 1219 730 1279 ll
758 1215 908 1298 1718119,
933 1218 1127 1280 nocturnis
1150 1218 1330 1280 elucubrata

261 1325 396 1388 camenis
412 1326 450 1387 Vl
469 1328 498 1401 9,
521 1327 545 1388 si
564 1330 748 1389 nocturna
763 1326 869 1388 cornix
885 1325 965 1387 canit
982 1325 1003 1385 ll
1026 1326 1116 1399 1759,
1142 1326 1331 1387 matutino

262 1451 322 1510 qua
358 1433 517 1513 perstrepit
549 1451 617 1495 aera
649 1433 742 1496 fluctu
769 1433 789 1492 ll
820 1433 911 1507 1075,
946 1435 979 1492 111
1002 1431 1157 1494 matutinis
1181 1432 1330 1494 inclinent

260 1557 394 1618 aequora
418 1540 546 1602 habenis
571 1541 605 1602 lll
625 1542 698 1618 218,
722 1541 746 1602 si
772 1539 968 1602 matutino
992 1538 1125 1617 fringilla
1149 1539 1270 1600 resultat
1286 1541 1329 1601 ab

260 1664 314 1708 ore
339 1648 361 1707 ll
392 1648 482 1722 1761,
507 1647 559 1709 111.
584 1648 620 1708 111
650 1650 697 1722 15,
723 1649 744 1708 ll
770 1647 861 1722 1360,
886 1646 939 1708 sed
965 1645 1204 1726 prioroccidui
1220 1649 1329 1708 taurus

260 1753 342 1815 subit
364 1754 508 1833 aequoris
532 1755 631 1816 undas
655 1755 678 1816 ll
704 1757 768 1817 439
793 1754 920 1833 aliaque.

349 1861 377 1939 c)
402 1861 556 1924 Adiectiva
588 1879 761 1924 mensuram
805 1861 851 1923 vel
895 1877 1058 1922 numerum
1097 1859 1144 1921 vel
1183 1859 1327 1922 ordinem

260 1967 448 2046 significant:
487 1973 567 2030 totus
602 1969 641 2030 ab
676 1967 778 2030 aethra
803 1967 926 2030 labitur
955 1967 1102 2029 Arcturus
1139 1968 1160 2027 ll
1194 1965 1327 2048 130516,

260 2078 321 2136 1011
344 2075 501 2137 descendit
525 2077 547 2136 ll
577 2077 659 2138 1253
685 2080 746 2150 ete,
771 2093 846 2136 suus
874 2075 957 2136 unda
982 2073 1086 2136 Effluit
1109 2073 1139 2134 in
1170 2072 1325 2153 Scythiam

262 2183 296 2242 lll
323 2178 433 2262 80131,
468 2182 620 2261 plurimus
652 2182 792 2244 tunditur
816 2183 838 2244 11
864 2184 927 2243 245
954 2185 1015 2257 etc,
1050 2179 1143 2241 multa
1176 2179 1329 2242 Occurret

259 2288 395 2368 genetrix
418 2289 516 2350 oculis
541 2290 563 2350 ll
589 2287 722 2370 451153,
753 2289 846 2350 multa
870 2292 991 2350 cavatur
1013 2283 1140 2371 (Coele)
1166 2288 1201 2348 111
1232 2289 1326 2362 1058,

260 2396 406 2457 Arcturus
429 2395 552 2457 distabit
585 2396 699 2458 multus
723 2397 745 2457 ll
785 2397 875 2470 1091,
908 2396 933 2458 si
968 2395 1069 2457 minor
1101 2395 1174 2456 haec
1208 2393 1324 2456 madidi
1418 2423 1419 2426 ¹

260 2501 426 2564 substantia
442 2502 609 2581 subrigitur
628 2503 651 2564 ll
673 2504 764 2578 1416,
782 2502 920 2564 tunditur
936 2501 1032 2581 hydra
1048 2501 1170 2579 longior
1188 2501 1209 2560 ll
1233 2503 1326 2576 1135,

261 2608 386 2670 luminis
420 2609 475 2670 ista
510 2610 534 2672 si
570 2609 699 2673 crassior
731 2609 901 2688 ingreditur
936 2609 958 2670 ll
1000 2605 1142 2688 1459160
1177 2613 1238 2681 etc,
1277 2608 1327 2670 ille

259 2716 402 2795 geminus
427 2721 506 2778 meat
531 2719 552 2778 ll
583 2719 674 2794 1529,
699 2717 776 2779 solet
799 2717 909 2778 unicus
933 2715 1013 2778 idem
1039 2715 1160 2794 cingere
1185 2716 1207 2775 ll
1232 2716 1325 2788 1529,

260 2824 284 2885 si
309 2823 438 2903 simplex
461 2825 746 2887 circumversabitur
769 2824 875 2886 orbem
903 2824 1038 2898 111530,
1063 2822 1183 2884 oberrat
1207 2823 1328 2900 parcior

262 2931 297 2992 lll
320 2932 388 3007 162,
414 2931 531 3010 primus
547 2949 617 2993 cum
635 2932 721 2994 vertit
737 2931 867 3011 pectoris
883 2938 967 2992 ortus
984 2929 1114 2992 Stumus
1131 2931 1153 2990 ll
1173 2926 1323 3009 1680182,

261 3055 361 3116 neque
378 3039 431 3101 iste
447 3043 538 3100 tractu
556 3038 686 3117 simplici
704 3038 893 3118 provolvitur
911 3039 1039 3101 Unusve
1055 3036 1149 3098 sulcat
1164 3035 1323 3113 caespitem

262 3141 576 3226 111286187,1ε1111
609 3145 766 3225 (Cynthia)
791 3161 860 3206 cum
887 3144 985 3205 rutilat
1011 3143 1031 3204 ll
1062 3145 1153 3217 1451,
1190 3142 1214 3203 si
1238 3141 1324 3203 tertia

260 3249 376 3314 fulserit
399 3255 466 3314 ortu
493 3253 514 3314 ll
545 3255 636 3328 1454,
661 3252 713 3314 etr.
739 3253 761 3313 ll
792 3253 882 3325 1465,
914 3269 983 3313 cum
1008 3267 1098 3330 capra
1121 3249 1218 3328 spinis
1248 3248 1324 3318 ilicis

261 3358 354 3424 multa
379 3359 473 3420 inhiat
497 3361 519 3420 ll
549 3357 954 3440 185115211111111111111111
978 3357 1091 3435 largior
1115 3355 1150 3416 111
1181 3351 1322 3434 1125126

259 3463 386 3542 aliaque.

563 3615 603 3686 C.
634 3617 690 3687 De
715 3617 1021 3702 pronominibus.

348 3749 377 3827 a)
403 3748 531 3812 Pluralis
563 3768 656 3828 quem
689 3748 795 3810 dicunt
829 3747 1002 3824 modestiae,
1037 3765 1100 3826 quo
1126 3765 1206 3808 unus
1230 3745 1269 3807 de
1292 3764 1322 3806 se
1401 3826 1403 3832 ἲ

261 3855 325 3934 ipse
349 3855 479 3935 loquens
503 3856 603 3932 utitur,
632 3855 752 3918 Avieno
777 3873 839 3916 non
864 3854 964 3917 solum
990 3853 1244 3916 familiarissimus
1273 3857 1321 3926 est,

259 3962 312 4024 sed
329 3980 419 4042 saepe
431 3958 519 4026 etiam
537 3967 570 4024 ut
585 3962 635 4024 alii
657 3967 763 4042 poetae
779 3963 845 4024 sine
862 3961 923 4024 ulla
936 3961 1051 4024 ratione
1065 3961 1121 4023 nisi
1137 3961 1222 4022 metri
1236 3977 1322 4022 causa

260 4075 423 4132 numerum
448 4070 633 4148 singularem
657 4073 685 4130 et
709 4067 856 4147 pluralem
887 4067 1061 4148 promiscue
1085 4068 1199 4148 posuit:
1231 4070 1321 4130 terras
