2868 4602
515 296 703 350 .75-⁴

56 462 176 543 procul
196 461 259 524 Nili
283 461 340 523 late
358 461 462 523 Thetis
486 460 578 522 efflua
596 464 702 540 serpat,
727 460 779 523 cfr.
799 463 835 524 lll
858 461 985 546 158159,
1007 464 1136 548 108169,

56 554 368 650 1315011111111
395 572 447 630 etc.
652 567 654 572 ·

157 676 239 738 Cum
264 674 459 738 coniunctivo
476 674 642 754 imperfecti
659 674 857 738 coniunctum
874 679 969 741 semel
995 680 1132 744 „donecr

55 783 243 846 coniunctio
272 781 414 844 occurrit:
446 781 468 842 ll
501 782 624 862 790192
647 782 736 843 Astra
759 800 854 845 vorax
878 784 965 864 ignis,
994 785 1136 850 flammae

56 891 132 953 sola
162 894 269 953 cuncta
298 888 477 967 coquebant,
510 888 619 952 Donec
646 889 705 950 fata
734 889 782 950 sui
813 890 972 955 miseratus
999 894 1137 974 Juppiter

58 998 155 1062 orbis
179 996 331 1062 Redderet
352 995 475 1058 aetherii
500 995 629 1058 Phoebo
653 995 864 1059 moderamina
888 973 1004 1062 cursus:

160 1104 399 1182 „Quamquamr
453 1102 628 1165 coniunctio
680 1102 791 1165 iactum
842 1104 1019 1184 significans
1065 1125 1134 1169 cum

29 1210 263 1292 ,coniunctivo
287 1227 408 1289 semper
430 1209 635 1287 coniungitur,
665 1209 719 1288 qui
749 1227 823 1272 usus
852 1211 936 1291 apud
966 1213 1135 1292 Vergilium

58 1318 171 1394 semel,
196 1318 254 1379 iam
279 1317 401 1396 saepius
424 1316 507 1395 apud
532 1316 694 1378 Horatium
719 1321 748 1378 el
773 1317 891 1380 Livium
916 1324 1040 1400 apparet
1071 1321 1135 1399 (cfr.

60 1426 181 1502 Draeg.
213 1423 236 1484 ll
267 1423 392 1501 757111
423 1417 546 1503 515117
577 1421 607 1483 in
637 1423 719 1484 tenui
749 1441 937 1503 quamquam
967 1426 1136 1506 primordia

59 1530 216 1593 Phoeben
240 1529 328 1592 Orbe
351 1529 483 1590 habeant
506 1528 655 1607 nulloque
678 1529 773 1610 decus
796 1529 853 1592 dea
877 1530 1010 1611 proferat
1032 1551 1093 1609 ore,
1111 1535 1134 1595 ll

63 1639 154 1700 1392
179 1653 368 1716 quamquam
392 1635 476 1697 initia
500 1636 629 1715 protenti
654 1637 843 1716 requiescant
865 1641 949 1717 terga
979 1639 1134 1718 profundi,

60 1745 103 1807 Ill
131 1746 204 1820 345,
233 1745 415 1822 lacosqq„
441 1743 576 1805 1110911.
620 1819 622 1824 Ι

156 1850 272 1913 Contra
297 1849 477 1928 ‘'quamvis“
503 1849 678 1911 coniunctio
695 1850 891 1912 indicativum
910 1869 1013 1914 secum
1031 1852 1134 1915 babet:

58 1959 102 2019 lll
131 1958 195 2019 234
220 1955 371 2028 Quamvis
395 1958 477 2017 vasta
499 1954 554 2016 sali
579 1955 677 2018 moles
702 1955 848 2018 interfluit
870 1975 961 2020 arces.

155 2062 204 2125 Ad
234 2061 464 2142 exprimendam
496 2061 622 2124 actionis
651 2060 841 2125 iterationem
876 2082 967 2145 saepe
999 2066 1135 2130 Avienus

61 2185 178 2238 „cumu
222 2169 471 2232 coniunctionem
512 2187 582 2231 cum
618 2169 814 2233 coniunctivo
849 2189 998 2252 personae
1033 2173 1135 2237 tertiae

60 2277 233 2357 coniungit,
262 2275 347 2356 quod
377 2277 499 2339 dicendi
528 2295 627 2356 genus
660 2281 753 2340 aetate
778 2279 939 2342 Latinitatis
975 2285 1134 2360 argenteae

61 2403 157 2465 saepe
181 2384 318 2446 occurrit.
349 2383 413 2462 (cfr.
445 2385 555 2463 Draeg.
585 2385 608 2445 ll
639 2386 712 2446 574.
744 2385 804 2446 Lat.
832 2384 939 2448 Gram.
964 2405 1026 2449 von
1051 2387 1133 2451 Stolz

60 2511 92 2555 u.
128 2491 268 2555 Schmalz
301 2493 365 2554 390
399 2491 419 2570 §
453 2491 546 2569 311):
592 2491 614 2552 ll
649 2489 772 2582 321122
812 2491 892 2554 Cum
927 2493 1052 2556 cedente
1085 2495 1136 2557 die

61 2599 213 2662 Phoebus
235 2599 295 2660 sub
319 2602 407 2660 nocte
431 2599 606 2679 propinqua
629 2598 788 2661 Occiduus
812 2617 929 2678 pronos
954 2606 1075 2680 urgeret
1103 2601 1134 2664 in

59 2724 200 2786 aequora
238 2723 353 2781 currus,
397 2706 419 2766 ll
464 2702 606 2787 1378180
645 2722 741 2784 quom
781 2706 908 2784 longum
952 2706 1031 2769 facili
1074 2712 1136 2770 rate

61 2817 199 2876 curreret
220 2831 343 2892 aequor,
375 2813 410 2875 Et
432 2831 529 2892 quom
562 2812 640 2874 ruris
663 2831 769 2874 amans
792 2813 889 2874 telluri
914 2813 993 2876 farra
1017 2816 1132 2895 parenti

61 2921 218 2997 Crederet,
244 2921 266 2981 ll
296 2921 438 3002 1338139
464 2919 545 3000 pleni
569 2937 639 2981 cum
664 2937 769 2981 rursus
793 2937 888 2998 egena
913 2920 986 2982 Oris
1010 2926 1066 2983 eat.
1093 2956 1130 2965 -

61 3028 157 3090 llddo
186 3027 337 3089 Avienum
368 3027 597 3089 coniunctivum
627 3026 750 3106 perfecti
779 3026 888 3090 eodem
920 3027 1014 3089 modo
1047 3027 1133 3088 adhi-

62 3135 177 3197 buisse.
208 3133 273 3213 (cfr.
305 3135 415 3214 Draeg.
447 3135 469 3195 ll
500 3153 528 3214 p.
556 3135 630 3195 574
666 3139 695 3195 et
731 3135 793 3195 575
827 3133 850 3194 ll
886 3130 1022 3216 1269171
1052 3135 1134 3196 subit

63 3243 119 3304 isla
143 3242 250 3316 salum,
279 3242 362 3303 subit
384 3260 518 3321 aequora
548 3259 678 3316 rursum,
709 3241 827 3317 integer
856 3241 972 3304 Oceani
1001 3259 1071 3304 cum
1101 3259 1134 3304 se

64 3349 238 3412 Centaurus
267 3349 298 3410 in
328 3348 427 3411 undas
456 3348 591 3411 lecerit
617 3348 719 3426 adque
747 3365 830 3409 novo
860 3348 1007 3409 vibrarint
1034 3348 1134 3410 sidere

65 3457 163 3535 pisces
194 3457 216 3517 ll
251 3451 394 3537 1737138
425 3456 503 3532 Hoc,
532 3473 602 3516 cum
627 3458 785 3516 concretus
814 3454 931 3516 tenuari
961 3454 1134 3533 coeperit

64 3582 122 3640 aer,
149 3564 278 3626 Discutit
302 3563 462 3644 impositae
486 3563 542 3624 late
565 3561 623 3624 sibi
649 3561 739 3623 molis
762 3561 917 3636 amictum,
945 3562 984 3623 lV
1009 3558 1131 3641 294195

65 3671 228 3750 Magisque
251 3671 282 3732 in
306 3689 394 3732 auras
418 3670 539 3732 eminus
562 3669 661 3730 lucem
686 3667 806 3742 evomit,
832 3667 914 3730 Cum
939 3668 984 3730 sol
1009 3667 1048 3728 ab
1069 3667 1132 3745 igni

66 3778 143 3840 celsa
166 3777 372 3858 perculerit
395 3779 474 3856 iuga.

154 3887 186 3948 ln
211 3885 366 3947 enuntiato
380 3885 601 3965 proportionali
619 3883 712 3946 semel
730 3882 941 3945 coniunctivus
959 3880 1133 3942 interativus

67 3993 242 4055 statuendus
265 3996 322 4055 est:
348 3992 384 4053 lll
410 3989 507 4074 50151
538 3991 636 4072 pelagi
661 3990 715 4052 sed
740 3989 867 4051 nomina
887 3989 977 4062 mille,
1008 3986 1135 4065 Aequor

67 4103 96 4160 ut
119 4101 290 4162 innumeris
313 4104 461 4162 terrarum
486 4098 656 4160 admoverit
679 4097 750 4160 oris.
